%YAML 1.1
%TAG !u! tag:unity3d.com,2011:
--- !u!54 &545583226
Rigidbody:
  m_ObjectHideFlags: 0
  m_CorrespondingSourceObject: {fileID: 0}
  m_PrefabInstance: {fileID: 0}
  m_PrefabAsset: {fileID: 0}
  m_GameObject: {fileID: 7960334341640822744}
  serializedVersion: 2
  m_Mass: 1
  m_Drag: 0
  m_AngularDrag: 0.05
  m_UseGravity: 1
  m_IsKinematic: 0
  m_Interpolate: 0
  m_Constraints: 0
  m_CollisionDetection: 2
--- !u!64 &545583227
MeshCollider:
  m_ObjectHideFlags: 0
  m_CorrespondingSourceObject: {fileID: 0}
  m_PrefabInstance: {fileID: 0}
  m_PrefabAsset: {fileID: 0}
  m_GameObject: {fileID: 7960334341640822744}
  m_Material: {fileID: 13400000, guid: e5fe39324313eff4397cb3f9f989d91b, type: 2}
  m_IsTrigger: 0
  m_Enabled: 1
  serializedVersion: 3
  m_Convex: 1
  m_CookingOptions: 14
  m_Mesh: {fileID: 4300000, guid: 6f81d17ce2a4146e28e18f768d3dce55, type: 3}
--- !u!65 &545583229
BoxCollider:
  m_ObjectHideFlags: 0
  m_CorrespondingSourceObject: {fileID: 0}
  m_PrefabInstance: {fileID: 0}
  m_PrefabAsset: {fileID: 0}
  m_GameObject: {fileID: 7960334341640822744}
  m_Material: {fileID: 0}
  m_IsTrigger: 0
  m_Enabled: 1
  serializedVersion: 2
  m_Size: {x: 0.04554856, y: 0.0064668646, z: 0.08058917}
  m_Center: {x: -0.000000001862475, y: -0.000045760607, z: 0.04080155}
--- !u!114 &-6246281645518234769
MonoBehaviour:
  m_ObjectHideFlags: 3
  m_CorrespondingSourceObject: {fileID: 0}
  m_PrefabInstance: {fileID: 0}
  m_PrefabAsset: {fileID: 0}
  m_GameObject: {fileID: 7960334341640822744}
  m_Enabled: 0
  m_EditorHideFlags: 0
  m_Script: {fileID: 358732009, guid: 20990ec6b45e544b0b5f28b1e0c1c96b, type: 3}
  m_Name: 
  m_EditorClassIdentifier: 
  _initialized: 1
  _reset: 0
  _version: 1.2.5
  _moved: 0
  _foldout: 1
  _drawSeparator: 0
  enabledInEditor: 1
  container: {fileID: 6510174127460322954}
  editor: {fileID: 0}
  _id: On Collision Exit
  _actions:
  - {fileID: -724525391545969088}
  _parameters:
  - {fileID: 309863444514050582}
  - {fileID: -1714462480647726929}
  - {fileID: -2435965394105406261}
  - {fileID: 4423411789160650602}
  _showParameters: 0
  _showSettings: 1
  _actionsFoldout: 1
  _ignorePause: 0
  _listeningRange: 0
  _listeningTarget: {fileID: 5711773202269862347, guid: 24e32e0c9d6292e44a8f1d649eb19a20,
    type: 3}
  _listeningList: {fileID: 0}
--- !u!114 &-2435965394105406261
MonoBehaviour:
  m_ObjectHideFlags: 3
  m_CorrespondingSourceObject: {fileID: 0}
  m_PrefabInstance: {fileID: 0}
  m_PrefabAsset: {fileID: 0}
  m_GameObject: {fileID: 7960334341640822744}
  m_Enabled: 0
  m_EditorHideFlags: 0
  m_Script: {fileID: 280294710, guid: 20990ec6b45e544b0b5f28b1e0c1c96b, type: 3}
  m_Name: 
  m_EditorClassIdentifier: 
  _initialized: 1
  _reset: 0
  _version: 1.2.5
  _moved: 0
  _foldout: 0
  _drawSeparator: 0
  enabledInEditor: 1
  container: {fileID: -6246281645518234769}
  editor: {fileID: 0}
  _id: Contact Point
  _dataType: 5
  _typeName: 
  _indirectDataType: 0
  _indirectTypeName: 
  _defaultStringValue: 
  _defaultIntValue: 0
  _defaultFloatValue: 0
  _defaultBoolValue: 0
  _defaultVector2Value: {x: 0, y: 0}
  _defaultVector3Value: {x: 0, y: 0, z: 0}
  _defaultVector4Value: {x: 0, y: 0, z: 0, w: 0}
  _defaultRectValue:
    serializedVersion: 2
    x: 0
    y: 0
    width: 0
    height: 0
  _defaultColorValue: {r: 0, g: 0, b: 0, a: 0}
  _defaultEnumIntValue: 0
  _defaultBoundsValue:
    m_Center: {x: 0, y: 0, z: 0}
    m_Extent: {x: 0, y: 0, z: 0}
  _defaultQuaternionValue: {x: 0, y: 0, z: 0, w: 0}
  _stringValue: 
  _intValue: 0
  _floatValue: 0
  _boolValue: 1
  _vector2Value: {x: 0, y: 0}
  _vector3Value: {x: 0, y: 0, z: 0}
  _rectValue:
    serializedVersion: 2
    x: 0
    y: 0
    width: 0
    height: 0
  _colorValue: {r: 0, g: 0, b: 0, a: 1}
  _objectValue: {fileID: 0}
  _enumIntValue: 0
  _enumCached: 0
  _boundsValue:
    m_Center: {x: 0, y: 0, z: 0}
    m_Extent: {x: 0, y: 0, z: 0}
  _quaternionValue: {x: 0, y: 0, z: 0, w: 1}
  _vector4Value: {x: 0, y: 0, z: 0, w: 0}
  _animationCurveValue:
    serializedVersion: 2
    m_Curve: []
    m_PreInfinity: 2
    m_PostInfinity: 2
    m_RotationOrder: 4
  _readOnly: 1
  _private: 1
  _persistent: 0
  _indirect: 0
  _isVariant: 0
  _showDescription: 1
  _description: The 3D world coordinates of the collision contact point.
  _changeListeners: []
  _hidden: 0
  _display: 1
  _label: Parameter
--- !u!114 &-1714462480647726929
MonoBehaviour:
  m_ObjectHideFlags: 3
  m_CorrespondingSourceObject: {fileID: 0}
  m_PrefabInstance: {fileID: 0}
  m_PrefabAsset: {fileID: 0}
  m_GameObject: {fileID: 7960334341640822744}
  m_Enabled: 0
  m_EditorHideFlags: 0
  m_Script: {fileID: 280294710, guid: 20990ec6b45e544b0b5f28b1e0c1c96b, type: 3}
  m_Name: 
  m_EditorClassIdentifier: 
  _initialized: 1
  _reset: 0
  _version: 1.2.5
  _moved: 0
  _foldout: 0
  _drawSeparator: 0
  enabledInEditor: 1
  container: {fileID: -6246281645518234769}
  editor: {fileID: 0}
  _id: Other
  _dataType: 8
  _typeName: UnityEngine.GameObject
  _indirectDataType: 0
  _indirectTypeName: 
  _defaultStringValue: 
  _defaultIntValue: 0
  _defaultFloatValue: 0
  _defaultBoolValue: 0
  _defaultVector2Value: {x: 0, y: 0}
  _defaultVector3Value: {x: 0, y: 0, z: 0}
  _defaultVector4Value: {x: 0, y: 0, z: 0, w: 0}
  _defaultRectValue:
    serializedVersion: 2
    x: 0
    y: 0
    width: 0
    height: 0
  _defaultColorValue: {r: 0, g: 0, b: 0, a: 0}
  _defaultEnumIntValue: 0
  _defaultBoundsValue:
    m_Center: {x: 0, y: 0, z: 0}
    m_Extent: {x: 0, y: 0, z: 0}
  _defaultQuaternionValue: {x: 0, y: 0, z: 0, w: 0}
  _stringValue: 
  _intValue: 0
  _floatValue: 0
  _boolValue: 1
  _vector2Value: {x: 0, y: 0}
  _vector3Value: {x: 0, y: 0, z: 0}
  _rectValue:
    serializedVersion: 2
    x: 0
    y: 0
    width: 0
    height: 0
  _colorValue: {r: 0, g: 0, b: 0, a: 1}
  _objectValue: {fileID: 0}
  _enumIntValue: 0
  _enumCached: 0
  _boundsValue:
    m_Center: {x: 0, y: 0, z: 0}
    m_Extent: {x: 0, y: 0, z: 0}
  _quaternionValue: {x: 0, y: 0, z: 0, w: 1}
  _vector4Value: {x: 0, y: 0, z: 0, w: 0}
  _animationCurveValue:
    serializedVersion: 2
    m_Curve: []
    m_PreInfinity: 2
    m_PostInfinity: 2
    m_RotationOrder: 4
  _readOnly: 1
  _private: 1
  _persistent: 0
  _indirect: 0
  _isVariant: 0
  _showDescription: 1
  _description: The GameObject that collided with <Source>.
  _changeListeners: []
  _hidden: 0
  _display: 1
  _label: Parameter
--- !u!114 &-724525391545969088
MonoBehaviour:
  m_ObjectHideFlags: 3
  m_CorrespondingSourceObject: {fileID: 0}
  m_PrefabInstance: {fileID: 0}
  m_PrefabAsset: {fileID: 0}
  m_GameObject: {fileID: 7960334341640822744}
  m_Enabled: 0
  m_EditorHideFlags: 0
  m_Script: {fileID: -1759242366, guid: 20990ec6b45e544b0b5f28b1e0c1c96b, type: 3}
  m_Name: 
  m_EditorClassIdentifier: 
  _initialized: 1
  _reset: 0
  _version: 1.2.5
  _moved: 0
  _foldout: 1
  _drawSeparator: 0
  enabledInEditor: 1
  container: {fileID: -6246281645518234769}
  editor: {fileID: 0}
  _caption: Add Force
  _breakpoint: 0
  _target: {fileID: 82686242, guid: fccef07b8ee2e68429907895e1ff2aec, type: 3}
  _targetVar: {fileID: 0}
  _mode: 2
  _modeVar: {fileID: 0}
  _type: 0
  _directionVector3: {x: 0, y: 0, z: 0}
  _directionForce: {fileID: 0}
  _directionVar: {fileID: 0}
  _relative: 1
  _relativeVar: {fileID: 0}
  _multiplier: 10
  _multiplierVar: {fileID: 0}
--- !u!114 &545583228
MonoBehaviour:
  m_ObjectHideFlags: 0
  m_CorrespondingSourceObject: {fileID: 0}
  m_PrefabInstance: {fileID: 0}
  m_PrefabAsset: {fileID: 0}
  m_GameObject: {fileID: 7960334341640822744}
  m_Enabled: 1
  m_EditorHideFlags: 0
  m_Script: {fileID: 11500000, guid: 02d61468f8b77ae4b92c344bc9a600fb, type: 3}
  m_Name: 
  m_EditorClassIdentifier: 
  m_allowOffhandGrab: 1
  m_snapPosition: 0
  m_snapOrientation: 0
  m_snapOffset: {fileID: 0}
  m_grabPoints: []
--- !u!114 &309863444514050582
MonoBehaviour:
  m_ObjectHideFlags: 3
  m_CorrespondingSourceObject: {fileID: 0}
  m_PrefabInstance: {fileID: 0}
  m_PrefabAsset: {fileID: 0}
  m_GameObject: {fileID: 7960334341640822744}
  m_Enabled: 0
  m_EditorHideFlags: 0
  m_Script: {fileID: 280294710, guid: 20990ec6b45e544b0b5f28b1e0c1c96b, type: 3}
  m_Name: 
  m_EditorClassIdentifier: 
  _initialized: 1
  _reset: 0
  _version: 1.2.5
  _moved: 0
  _foldout: 0
  _drawSeparator: 0
  enabledInEditor: 1
  container: {fileID: -6246281645518234769}
  editor: {fileID: 0}
  _id: Source
  _dataType: 8
  _typeName: UnityEngine.GameObject
  _indirectDataType: 0
  _indirectTypeName: 
  _defaultStringValue: 
  _defaultIntValue: 0
  _defaultFloatValue: 0
  _defaultBoolValue: 0
  _defaultVector2Value: {x: 0, y: 0}
  _defaultVector3Value: {x: 0, y: 0, z: 0}
  _defaultVector4Value: {x: 0, y: 0, z: 0, w: 0}
  _defaultRectValue:
    serializedVersion: 2
    x: 0
    y: 0
    width: 0
    height: 0
  _defaultColorValue: {r: 0, g: 0, b: 0, a: 0}
  _defaultEnumIntValue: 0
  _defaultBoundsValue:
    m_Center: {x: 0, y: 0, z: 0}
    m_Extent: {x: 0, y: 0, z: 0}
  _defaultQuaternionValue: {x: 0, y: 0, z: 0, w: 0}
  _stringValue: 
  _intValue: 0
  _floatValue: 0
  _boolValue: 1
  _vector2Value: {x: 0, y: 0}
  _vector3Value: {x: 0, y: 0, z: 0}
  _rectValue:
    serializedVersion: 2
    x: 0
    y: 0
    width: 0
    height: 0
  _colorValue: {r: 0, g: 0, b: 0, a: 1}
  _objectValue: {fileID: 0}
  _enumIntValue: 0
  _enumCached: 0
  _boundsValue:
    m_Center: {x: 0, y: 0, z: 0}
    m_Extent: {x: 0, y: 0, z: 0}
  _quaternionValue: {x: 0, y: 0, z: 0, w: 1}
  _vector4Value: {x: 0, y: 0, z: 0, w: 0}
  _animationCurveValue:
    serializedVersion: 2
    m_Curve: []
    m_PreInfinity: 2
    m_PostInfinity: 2
    m_RotationOrder: 4
  _readOnly: 1
  _private: 1
  _persistent: 0
  _indirect: 0
  _isVariant: 0
  _showDescription: 1
  _description: The GameObject which was collided and originated the event.
  _changeListeners: []
  _hidden: 0
  _display: 1
  _label: Parameter
--- !u!114 &4423411789160650602
MonoBehaviour:
  m_ObjectHideFlags: 3
  m_CorrespondingSourceObject: {fileID: 0}
  m_PrefabInstance: {fileID: 0}
  m_PrefabAsset: {fileID: 0}
  m_GameObject: {fileID: 7960334341640822744}
  m_Enabled: 0
  m_EditorHideFlags: 0
  m_Script: {fileID: 280294710, guid: 20990ec6b45e544b0b5f28b1e0c1c96b, type: 3}
  m_Name: 
  m_EditorClassIdentifier: 
  _initialized: 1
  _reset: 0
  _version: 1.2.5
  _moved: 0
  _foldout: 0
  _drawSeparator: 0
  enabledInEditor: 1
  container: {fileID: -6246281645518234769}
  editor: {fileID: 0}
  _id: Relative Velocity
  _dataType: 5
  _typeName: 
  _indirectDataType: 0
  _indirectTypeName: 
  _defaultStringValue: 
  _defaultIntValue: 0
  _defaultFloatValue: 0
  _defaultBoolValue: 0
  _defaultVector2Value: {x: 0, y: 0}
  _defaultVector3Value: {x: 0, y: 0, z: 0}
  _defaultVector4Value: {x: 0, y: 0, z: 0, w: 0}
  _defaultRectValue:
    serializedVersion: 2
    x: 0
    y: 0
    width: 0
    height: 0
  _defaultColorValue: {r: 0, g: 0, b: 0, a: 0}
  _defaultEnumIntValue: 0
  _defaultBoundsValue:
    m_Center: {x: 0, y: 0, z: 0}
    m_Extent: {x: 0, y: 0, z: 0}
  _defaultQuaternionValue: {x: 0, y: 0, z: 0, w: 0}
  _stringValue: 
  _intValue: 0
  _floatValue: 0
  _boolValue: 1
  _vector2Value: {x: 0, y: 0}
  _vector3Value: {x: 0, y: 0, z: 0}
  _rectValue:
    serializedVersion: 2
    x: 0
    y: 0
    width: 0
    height: 0
  _colorValue: {r: 0, g: 0, b: 0, a: 1}
  _objectValue: {fileID: 0}
  _enumIntValue: 0
  _enumCached: 0
  _boundsValue:
    m_Center: {x: 0, y: 0, z: 0}
    m_Extent: {x: 0, y: 0, z: 0}
  _quaternionValue: {x: 0, y: 0, z: 0, w: 1}
  _vector4Value: {x: 0, y: 0, z: 0, w: 0}
  _animationCurveValue:
    serializedVersion: 2
    m_Curve: []
    m_PreInfinity: 2
    m_PostInfinity: 2
    m_RotationOrder: 4
  _readOnly: 1
  _private: 1
  _persistent: 0
  _indirect: 0
  _isVariant: 0
  _showDescription: 1
  _description: The relative linear velocity of the two colliding objects.
  _changeListeners: []
  _hidden: 0
  _display: 1
  _label: Parameter
--- !u!114 &6510174127460322954
MonoBehaviour:
  m_ObjectHideFlags: 0
  m_CorrespondingSourceObject: {fileID: 0}
  m_PrefabInstance: {fileID: 0}
  m_PrefabAsset: {fileID: 0}
  m_GameObject: {fileID: 7960334341640822744}
  m_Enabled: 1
  m_EditorHideFlags: 0
  m_Script: {fileID: 1528663654, guid: 20990ec6b45e544b0b5f28b1e0c1c96b, type: 3}
  m_Name: 
  m_EditorClassIdentifier: 
  _initialized: 1
  _reset: 0
  _version: 1.2.5
  _moved: 0
  _blocks:
  - {fileID: -6246281645518234769}
  editor: {fileID: 0}
  _showSettings: 0
  _displayMode: 0
  _windowTitle: GameFlow
  _windowMinSize: {x: 240, y: 64}
  _windowMaxSize: {x: 600, y: 400}
--- !u!114 &-115193773636942518
MonoBehaviour:
  m_ObjectHideFlags: 3
  m_CorrespondingSourceObject: {fileID: 0}
  m_PrefabInstance: {fileID: 0}
  m_PrefabAsset: {fileID: 0}
  m_GameObject: {fileID: 7960334341640822744}
  m_Enabled: 1
  m_EditorHideFlags: 0
  m_Script: {fileID: -1183951156, guid: 20990ec6b45e544b0b5f28b1e0c1c96b, type: 3}
  m_Name: 
  m_EditorClassIdentifier: 
  _initialized: 0
  _reset: 0
  _version: 1.2.5
  _moved: 0
  _collisionEnterEnabled: 1
  _collisionExitEnabled: 1
  _collisionStayEnabled: 1
--- !u!1001 &665605268626077044
PrefabInstance:
  m_ObjectHideFlags: 0
  serializedVersion: 2
  m_Modification:
    m_TransformParent: {fileID: 0}
    m_Modifications:
    - target: {fileID: 7056048253475963801, guid: 8148ab29f99f9454f8fbf7c7d5f37409,
        type: 3}
      propertyPath: m_LocalPosition.x
      value: 4.19
      objectReference: {fileID: 0}
    - target: {fileID: 7056048253475963801, guid: 8148ab29f99f9454f8fbf7c7d5f37409,
        type: 3}
      propertyPath: m_LocalPosition.y
      value: 4.638
      objectReference: {fileID: 0}
    - target: {fileID: 7056048253475963801, guid: 8148ab29f99f9454f8fbf7c7d5f37409,
        type: 3}
      propertyPath: m_LocalPosition.z
      value: 9.662
      objectReference: {fileID: 0}
    - target: {fileID: 7056048253475963801, guid: 8148ab29f99f9454f8fbf7c7d5f37409,
        type: 3}
      propertyPath: m_LocalRotation.x
      value: 0
      objectReference: {fileID: 0}
    - target: {fileID: 7056048253475963801, guid: 8148ab29f99f9454f8fbf7c7d5f37409,
        type: 3}
      propertyPath: m_LocalRotation.y
      value: 0
      objectReference: {fileID: 0}
    - target: {fileID: 7056048253475963801, guid: 8148ab29f99f9454f8fbf7c7d5f37409,
        type: 3}
      propertyPath: m_LocalRotation.z
      value: 0
      objectReference: {fileID: 0}
    - target: {fileID: 7056048253475963801, guid: 8148ab29f99f9454f8fbf7c7d5f37409,
        type: 3}
      propertyPath: m_LocalRotation.w
      value: 1
      objectReference: {fileID: 0}
    - target: {fileID: 7056048253475963801, guid: 8148ab29f99f9454f8fbf7c7d5f37409,
        type: 3}
      propertyPath: m_RootOrder
      value: 1
      objectReference: {fileID: 0}
    - target: {fileID: 7056048253475963801, guid: 8148ab29f99f9454f8fbf7c7d5f37409,
        type: 3}
      propertyPath: m_LocalEulerAnglesHint.x
      value: 0
      objectReference: {fileID: 0}
    - target: {fileID: 7056048253475963801, guid: 8148ab29f99f9454f8fbf7c7d5f37409,
        type: 3}
      propertyPath: m_LocalEulerAnglesHint.y
      value: 0
      objectReference: {fileID: 0}
    - target: {fileID: 7056048253475963801, guid: 8148ab29f99f9454f8fbf7c7d5f37409,
        type: 3}
      propertyPath: m_LocalEulerAnglesHint.z
      value: 0
      objectReference: {fileID: 0}
    - target: {fileID: 7056048253476069305, guid: 8148ab29f99f9454f8fbf7c7d5f37409,
        type: 3}
      propertyPath: m_Name
      value: PPPaddle
      objectReference: {fileID: 0}
    - target: {fileID: 7441210607984604812, guid: 8148ab29f99f9454f8fbf7c7d5f37409,
        type: 3}
      propertyPath: m_LocalPosition.x
      value: 4.235
      objectReference: {fileID: 0}
    - target: {fileID: 7441210607984604812, guid: 8148ab29f99f9454f8fbf7c7d5f37409,
        type: 3}
      propertyPath: m_LocalPosition.y
      value: 4.555
      objectReference: {fileID: 0}
    - target: {fileID: 7441210607984604812, guid: 8148ab29f99f9454f8fbf7c7d5f37409,
        type: 3}
      propertyPath: m_LocalPosition.z
      value: 9.692442
      objectReference: {fileID: 0}
    - target: {fileID: 7441210607984604812, guid: 8148ab29f99f9454f8fbf7c7d5f37409,
        type: 3}
      propertyPath: m_LocalRotation.x
      value: -0.06010487
      objectReference: {fileID: 0}
    - target: {fileID: 7441210607984604812, guid: 8148ab29f99f9454f8fbf7c7d5f37409,
        type: 3}
      propertyPath: m_LocalRotation.y
      value: -0.1677595
      objectReference: {fileID: 0}
    - target: {fileID: 7441210607984604812, guid: 8148ab29f99f9454f8fbf7c7d5f37409,
        type: 3}
      propertyPath: m_LocalRotation.z
      value: -0.010247737
      objectReference: {fileID: 0}
    - target: {fileID: 7441210607984604812, guid: 8148ab29f99f9454f8fbf7c7d5f37409,
        type: 3}
      propertyPath: m_LocalRotation.w
      value: 0.9839406
      objectReference: {fileID: 0}
    - target: {fileID: 7441210607984604812, guid: 8148ab29f99f9454f8fbf7c7d5f37409,
        type: 3}
      propertyPath: m_LocalEulerAnglesHint.x
      value: -6.991
      objectReference: {fileID: 0}
    - target: {fileID: 7441210607984604812, guid: 8148ab29f99f9454f8fbf7c7d5f37409,
        type: 3}
      propertyPath: m_LocalEulerAnglesHint.y
      value: -19.351002
      objectReference: {fileID: 0}
    - target: {fileID: 7441210607984831148, guid: 8148ab29f99f9454f8fbf7c7d5f37409,
        type: 3}
      propertyPath: m_Name
      value: PPPaddle Variant
      objectReference: {fileID: 0}
    - target: {fileID: 7441210607987029100, guid: 8148ab29f99f9454f8fbf7c7d5f37409,
        type: 3}
      propertyPath: m_Materials.Array.data[1]
      value: 
      objectReference: {fileID: 2100000, guid: bcc34f7ec6fb3e94eaa81f9981dcbfd3, type: 2}
    - target: {fileID: 7441210607987029100, guid: 8148ab29f99f9454f8fbf7c7d5f37409,
        type: 3}
      propertyPath: m_Materials.Array.data[2]
      value: 
      objectReference: {fileID: 2100006, guid: 6f81d17ce2a4146e28e18f768d3dce55, type: 3}
    - target: {fileID: 8906948504081945011, guid: 8148ab29f99f9454f8fbf7c7d5f37409,
        type: 3}
      propertyPath: m_CookingOptions
      value: -1
      objectReference: {fileID: 0}
    m_RemovedComponents: []
  m_SourcePrefab: {fileID: 100100000, guid: 8148ab29f99f9454f8fbf7c7d5f37409, type: 3}
--- !u!1 &7960334341640822744 stripped
GameObject:
  m_CorrespondingSourceObject: {fileID: 7441210607984831148, guid: 8148ab29f99f9454f8fbf7c7d5f37409,
    type: 3}
  m_PrefabInstance: {fileID: 665605268626077044}
  m_PrefabAsset: {fileID: 0}
