%YAML 1.1
%TAG !u! tag:unity3d.com,2011:
--- !u!1 &266682263952010208
GameObject:
  m_ObjectHideFlags: 0
  m_CorrespondingSourceObject: {fileID: 0}
  m_PrefabInstance: {fileID: 0}
  m_PrefabAsset: {fileID: 0}
  serializedVersion: 6
  m_Component:
  - component: {fileID: 2256755749333288924}
  - component: {fileID: 7141679660188718665}
  - component: {fileID: -2155219280043438888}
  - component: {fileID: 5903348770054736752}
  - component: {fileID: 6211277517297666522}
  - component: {fileID: -8551780282501595006}
  - component: {fileID: -105692552702604257}
  - component: {fileID: -3597261929679295851}
  m_Layer: 0
  m_Name: Audio Source 1
  m_TagString: Untagged
  m_Icon: {fileID: 0}
  m_NavMeshLayer: 0
  m_StaticEditorFlags: 0
  m_IsActive: 1
--- !u!4 &2256755749333288924
Transform:
  m_ObjectHideFlags: 0
  m_CorrespondingSourceObject: {fileID: 0}
  m_PrefabInstance: {fileID: 0}
  m_PrefabAsset: {fileID: 0}
  m_GameObject: {fileID: 266682263952010208}
  m_LocalRotation: {x: -0, y: -0, z: -0, w: 1}
  m_LocalPosition: {x: -1, y: 33.95703, z: 12}
  m_LocalScale: {x: 1, y: 1, z: 1}
  m_Children: []
  m_Father: {fileID: 0}
  m_RootOrder: 0
  m_LocalEulerAnglesHint: {x: 0, y: 0, z: 0}
--- !u!82 &7141679660188718665
AudioSource:
  m_ObjectHideFlags: 0
  m_CorrespondingSourceObject: {fileID: 0}
  m_PrefabInstance: {fileID: 0}
  m_PrefabAsset: {fileID: 0}
  m_GameObject: {fileID: 266682263952010208}
  m_Enabled: 1
  serializedVersion: 4
  OutputAudioMixerGroup: {fileID: 24300001, guid: 1dd706bb85d8aef4e83a6229dbd62c36,
    type: 2}
  m_audioClip: {fileID: 8300000, guid: 6493f080f74bf144c82c6e773b72750e, type: 3}
  m_PlayOnAwake: 1
  m_Volume: 0.103
  m_Pitch: 1
  Loop: 1
  Mute: 0
  Spatialize: 0
  SpatializePostEffects: 0
  Priority: 105
  DopplerLevel: 1.04
  MinDistance: 1
  MaxDistance: 32.2
  Pan2D: 0
  rolloffMode: 1
  BypassEffects: 0
  BypassListenerEffects: 0
  BypassReverbZones: 0
  rolloffCustomCurve:
    serializedVersion: 2
    m_Curve:
    - serializedVersion: 3
      time: 0.07037398
      value: 0.6885834
      inSlope: 0
      outSlope: 0
      tangentMode: 0
      weightedMode: 0
      inWeight: 0
      outWeight: 0
    - serializedVersion: 3
      time: 1
      value: 0
      inSlope: -1.0320513
      outSlope: -1.0320513
      tangentMode: 0
      weightedMode: 0
      inWeight: 0
      outWeight: 0
    m_PreInfinity: 2
    m_PostInfinity: 2
    m_RotationOrder: 4
  panLevelCustomCurve:
    serializedVersion: 2
    m_Curve:
    - serializedVersion: 3
      time: 0
      value: 0.984
      inSlope: 0
      outSlope: 0
      tangentMode: 0
      weightedMode: 0
      inWeight: 0.33333334
      outWeight: 0.33333334
    m_PreInfinity: 2
    m_PostInfinity: 2
    m_RotationOrder: 4
  spreadCustomCurve:
    serializedVersion: 2
    m_Curve:
    - serializedVersion: 3
      time: 0
      value: 0.19722222
      inSlope: 0
      outSlope: 0
      tangentMode: 0
      weightedMode: 0
      inWeight: 0.33333334
      outWeight: 0.33333334
    m_PreInfinity: 2
    m_PostInfinity: 2
    m_RotationOrder: 4
  reverbZoneMixCustomCurve:
    serializedVersion: 2
    m_Curve:
    - serializedVersion: 3
      time: 0.006837845
      value: 0.90205383
      inSlope: 0
      outSlope: 0
      tangentMode: 0
      weightedMode: 0
      inWeight: 0.33333334
      outWeight: 0.33333334
    m_PreInfinity: 2
    m_PostInfinity: 2
    m_RotationOrder: 4
--- !u!114 &-2155219280043438888
MonoBehaviour:
  m_ObjectHideFlags: 0
  m_CorrespondingSourceObject: {fileID: 0}
  m_PrefabInstance: {fileID: 0}
  m_PrefabAsset: {fileID: 0}
  m_GameObject: {fileID: 266682263952010208}
  m_Enabled: 1
  m_EditorHideFlags: 0
  m_Script: {fileID: 1528663654, guid: 20990ec6b45e544b0b5f28b1e0c1c96b, type: 3}
  m_Name: 
  m_EditorClassIdentifier: 
  _initialized: 1
  _reset: 0
  _version: 1.2.5
  _moved: 0
  _blocks:
  - {fileID: 5903348770054736752}
  - {fileID: -105692552702604257}
  editor: {fileID: 0}
  _showSettings: 0
  _displayMode: 0
  _windowTitle: GameFlow
  _windowMinSize: {x: 240, y: 64}
  _windowMaxSize: {x: 600, y: 400}
--- !u!114 &5903348770054736752
MonoBehaviour:
  m_ObjectHideFlags: 3
  m_CorrespondingSourceObject: {fileID: 0}
  m_PrefabInstance: {fileID: 0}
  m_PrefabAsset: {fileID: 0}
  m_GameObject: {fileID: 266682263952010208}
  m_Enabled: 0
  m_EditorHideFlags: 0
  m_Script: {fileID: -2147088620, guid: 20990ec6b45e544b0b5f28b1e0c1c96b, type: 3}
  m_Name: 
  m_EditorClassIdentifier: 
  _initialized: 1
  _reset: 0
  _version: 1.2.5
  _moved: 0
  _foldout: 1
  _drawSeparator: 0
  enabledInEditor: 1
  container: {fileID: -2155219280043438888}
  editor: {fileID: 0}
  _id: On Update
  _actions:
  - {fileID: 6211277517297666522}
  _parameters: []
  _showParameters: 0
  _showSettings: 0
  _actionsFoldout: 1
  _ignorePause: 0
--- !u!114 &6211277517297666522
MonoBehaviour:
  m_ObjectHideFlags: 3
  m_CorrespondingSourceObject: {fileID: 0}
  m_PrefabInstance: {fileID: 0}
  m_PrefabAsset: {fileID: 0}
  m_GameObject: {fileID: 266682263952010208}
  m_Enabled: 0
  m_EditorHideFlags: 0
  m_Script: {fileID: 999285341, guid: 20990ec6b45e544b0b5f28b1e0c1c96b, type: 3}
  m_Name: 
  m_EditorClassIdentifier: 
  _initialized: 1
  _reset: 0
  _version: 1.2.5
  _moved: 0
  _foldout: 1
  _drawSeparator: 0
  enabledInEditor: 1
  container: {fileID: 5903348770054736752}
  editor: {fileID: 0}
  _caption: If
  _breakpoint: 0
  _conditions:
  - {fileID: -8551780282501595006}
  _actions:
  - {fileID: -3597261929679295851}
  _elseActions: []
  _elseVisible: 0
--- !u!114 &-8551780282501595006
MonoBehaviour:
  m_ObjectHideFlags: 3
  m_CorrespondingSourceObject: {fileID: 0}
  m_PrefabInstance: {fileID: 0}
  m_PrefabAsset: {fileID: 0}
  m_GameObject: {fileID: 266682263952010208}
  m_Enabled: 0
  m_EditorHideFlags: 0
  m_Script: {fileID: 1810492686, guid: 20990ec6b45e544b0b5f28b1e0c1c96b, type: 3}
  m_Name: 
  m_EditorClassIdentifier: 
  _initialized: 1
  _reset: 0
  _version: 1.2.5
  _moved: 0
  _foldout: 1
  _drawSeparator: 0
  enabledInEditor: 1
  container: {fileID: 6211277517297666522}
  editor: {fileID: 0}
  _caption: 
  _connective: 0
  _inputType: 0
  _key: {fileID: 0}
  _keyVar: {fileID: 0}
  _keyCode: 0
  _keyCodeVar: {fileID: 0}
  _comparison: 0
--- !u!114 &-105692552702604257
MonoBehaviour:
  m_ObjectHideFlags: 3
  m_CorrespondingSourceObject: {fileID: 0}
  m_PrefabInstance: {fileID: 0}
  m_PrefabAsset: {fileID: 0}
  m_GameObject: {fileID: 266682263952010208}
  m_Enabled: 1
  m_EditorHideFlags: 0
  m_Script: {fileID: -1187461405, guid: 20990ec6b45e544b0b5f28b1e0c1c96b, type: 3}
  m_Name: 
  m_EditorClassIdentifier: 
  _initialized: 1
  _reset: 0
  _version: 1.2.5
  _moved: 0
  _foldout: 1
  _drawSeparator: 0
  enabledInEditor: 1
  container: {fileID: -2155219280043438888}
  editor: {fileID: 0}
  _id: Key
  _code: 507
  _codeVar: {fileID: 0}
  _enabledInPause: 0
  _enabledInPauseVar: {fileID: 0}
--- !u!114 &-3597261929679295851
MonoBehaviour:
  m_ObjectHideFlags: 3
  m_CorrespondingSourceObject: {fileID: 0}
  m_PrefabInstance: {fileID: 0}
  m_PrefabAsset: {fileID: 0}
  m_GameObject: {fileID: 266682263952010208}
  m_Enabled: 0
  m_EditorHideFlags: 0
  m_Script: {fileID: -1125990795, guid: 20990ec6b45e544b0b5f28b1e0c1c96b, type: 3}
  m_Name: 
  m_EditorClassIdentifier: 
  _initialized: 1
  _reset: 0
  _version: 1.2.5
  _moved: 0
  _foldout: 1
  _drawSeparator: 0
  enabledInEditor: 1
  container: {fileID: 6211277517297666522}
  editor: {fileID: 0}
  _caption: Play Sound
  _breakpoint: 0
  _audioClip: {fileID: 8300000, guid: 6493f080f74bf144c82c6e773b72750e, type: 3}
  _audioClipVar: {fileID: 0}
  _volume: 1
  _volumeVar: {fileID: 0}
