%YAML 1.1
%TAG !u! tag:unity3d.com,2011:
--- !u!1 &618183347489166925
GameObject:
  m_ObjectHideFlags: 0
  m_CorrespondingSourceObject: {fileID: 0}
  m_PrefabInstance: {fileID: 0}
  m_PrefabAsset: {fileID: 0}
  serializedVersion: 6
  m_Component:
  - component: {fileID: 612796381841509761}
  - component: {fileID: 741286281912040723}
  - component: {fileID: 650048983919158567}
  - component: {fileID: -2277882921767047556}
  - component: {fileID: 3222527310220689625}
  - component: {fileID: 5946188756338807572}
  - component: {fileID: -186044257969394752}
  - component: {fileID: -8823416829853317927}
  - component: {fileID: 7085153355015565876}
  - component: {fileID: -2201804315275743522}
  - component: {fileID: 2305883757739710166}
  - component: {fileID: -5037351166243952807}
  - component: {fileID: -8095916341848048970}
  - component: {fileID: -250675311615102658}
  m_Layer: 0
  m_Name: Flashlight
  m_TagString: Untagged
  m_Icon: {fileID: 0}
  m_NavMeshLayer: 0
  m_StaticEditorFlags: 0
  m_IsActive: 1
--- !u!4 &612796381841509761
Transform:
  m_ObjectHideFlags: 0
  m_CorrespondingSourceObject: {fileID: 0}
  m_PrefabInstance: {fileID: 0}
  m_PrefabAsset: {fileID: 0}
  m_GameObject: {fileID: 618183347489166925}
  m_LocalRotation: {x: 0, y: 0, z: 0, w: 1}
  m_LocalPosition: {x: -53.646072, y: 26, z: 4.5209446}
  m_LocalScale: {x: 1, y: 1, z: 1}
  m_Children:
  - {fileID: 612610147078997811}
  - {fileID: 621296968795909647}
  - {fileID: 612567151552713117}
  - {fileID: 612834997117539497}
  m_Father: {fileID: 0}
  m_RootOrder: 0
  m_LocalEulerAnglesHint: {x: 0, y: 0, z: 0}
--- !u!205 &741286281912040723
LODGroup:
  m_ObjectHideFlags: 0
  m_CorrespondingSourceObject: {fileID: 0}
  m_PrefabInstance: {fileID: 0}
  m_PrefabAsset: {fileID: 0}
  m_GameObject: {fileID: 618183347489166925}
  serializedVersion: 2
  m_LocalReferencePoint: {x: 0.000000033527613, y: 0.10280263, z: -0.000000052154064}
  m_Size: 0.20541497
  m_FadeMode: 0
  m_AnimateCrossFading: 0
  m_LastLODIsBillboard: 0
  m_LODs:
  - screenRelativeHeight: 0.40306228
    fadeTransitionWidth: 0
    renderers:
    - renderer: {fileID: 631782309265325745}
  - screenRelativeHeight: 0.125
    fadeTransitionWidth: 0
    renderers:
    - renderer: {fileID: 631282004772012401}
  - screenRelativeHeight: 0.01
    fadeTransitionWidth: 0
    renderers:
    - renderer: {fileID: 631888393373882745}
  m_Enabled: 1
--- !u!114 &650048983919158567
MonoBehaviour:
  m_ObjectHideFlags: 0
  m_CorrespondingSourceObject: {fileID: 0}
  m_PrefabInstance: {fileID: 0}
  m_PrefabAsset: {fileID: 0}
  m_GameObject: {fileID: 618183347489166925}
  m_Enabled: 1
  m_EditorHideFlags: 0
  m_Script: {fileID: 11500000, guid: 3a5babb3fbc35544ea399e2886e69046, type: 3}
  m_Name: 
  m_EditorClassIdentifier: 
  lightGO: {fileID: 618246157651944633}
  isOn: 0
--- !u!54 &-2277882921767047556
Rigidbody:
  m_ObjectHideFlags: 0
  m_CorrespondingSourceObject: {fileID: 0}
  m_PrefabInstance: {fileID: 0}
  m_PrefabAsset: {fileID: 0}
  m_GameObject: {fileID: 618183347489166925}
  serializedVersion: 2
  m_Mass: 0.3
  m_Drag: 0
  m_AngularDrag: 0.05
  m_UseGravity: 1
  m_IsKinematic: 0
  m_Interpolate: 0
  m_Constraints: 0
  m_CollisionDetection: 1
--- !u!114 &3222527310220689625
MonoBehaviour:
  m_ObjectHideFlags: 0
  m_CorrespondingSourceObject: {fileID: 0}
  m_PrefabInstance: {fileID: 0}
  m_PrefabAsset: {fileID: 0}
  m_GameObject: {fileID: 618183347489166925}
  m_Enabled: 1
  m_EditorHideFlags: 0
  m_Script: {fileID: 11500000, guid: 02d61468f8b77ae4b92c344bc9a600fb, type: 3}
  m_Name: 
  m_EditorClassIdentifier: 
  m_allowOffhandGrab: 1
  m_snapPosition: 0
  m_snapOrientation: 0
  m_snapOffset: {fileID: 0}
  m_grabPoints: []
--- !u!136 &5946188756338807572
CapsuleCollider:
  m_ObjectHideFlags: 0
  m_CorrespondingSourceObject: {fileID: 0}
  m_PrefabInstance: {fileID: 0}
  m_PrefabAsset: {fileID: 0}
  m_GameObject: {fileID: 618183347489166925}
  m_Material: {fileID: 0}
  m_IsTrigger: 0
  m_Enabled: 1
  m_Radius: 0.03
  m_Height: 0.24
  m_Direction: 1
  m_Center: {x: 0, y: 0.1, z: 0}
--- !u!114 &-186044257969394752
MonoBehaviour:
  m_ObjectHideFlags: 0
  m_CorrespondingSourceObject: {fileID: 0}
  m_PrefabInstance: {fileID: 0}
  m_PrefabAsset: {fileID: 0}
  m_GameObject: {fileID: 618183347489166925}
  m_Enabled: 1
  m_EditorHideFlags: 0
  m_Script: {fileID: 11500000, guid: 7d1a7708e76601b4ea829921c33bc624, type: 3}
  m_Name: 
  m_EditorClassIdentifier: 
  m_allowOffhandGrab: 1
  m_snapPosition: 0
  m_snapOrientation: 0
  m_snapOffset: {fileID: 0}
  m_grabPoints: []
  m_materialColorField: 
--- !u!114 &-8823416829853317927
MonoBehaviour:
  m_ObjectHideFlags: 0
  m_CorrespondingSourceObject: {fileID: 0}
  m_PrefabInstance: {fileID: 0}
  m_PrefabAsset: {fileID: 0}
  m_GameObject: {fileID: 618183347489166925}
  m_Enabled: 1
  m_EditorHideFlags: 0
  m_Script: {fileID: 1528663654, guid: 20990ec6b45e544b0b5f28b1e0c1c96b, type: 3}
  m_Name: 
  m_EditorClassIdentifier: 
  _initialized: 1
  _reset: 0
  _version: 1.2.5
  _moved: 0
  _blocks:
  - {fileID: -2201804315275743522}
  editor: {fileID: 0}
  _showSettings: 0
  _displayMode: 0
  _windowTitle: GameFlow
  _windowMinSize: {x: 240, y: 64}
  _windowMaxSize: {x: 600, y: 400}
--- !u!114 &7085153355015565876
MonoBehaviour:
  m_ObjectHideFlags: 3
  m_CorrespondingSourceObject: {fileID: 0}
  m_PrefabInstance: {fileID: 0}
  m_PrefabAsset: {fileID: 0}
  m_GameObject: {fileID: 618183347489166925}
  m_Enabled: 0
  m_EditorHideFlags: 0
  m_Script: {fileID: 938558877, guid: 20990ec6b45e544b0b5f28b1e0c1c96b, type: 3}
  m_Name: 
  m_EditorClassIdentifier: 
  _initialized: 1
  _reset: 0
  _version: 1.2.5
  _moved: 0
  _foldout: 1
  _drawSeparator: 0
  enabledInEditor: 1
  container: {fileID: -2201804315275743522}
  editor: {fileID: 0}
  _caption: Set Parent
  _breakpoint: 0
  _target: {fileID: 618183347489166925}
  _targetVar: {fileID: 0}
  _parent: {fileID: 2642343896775343474, guid: 86c6701ce16f2294bb77b10dda9f73be, type: 3}
  _parentVar: {fileID: 0}
--- !u!114 &-2201804315275743522
MonoBehaviour:
  m_ObjectHideFlags: 3
  m_CorrespondingSourceObject: {fileID: 0}
  m_PrefabInstance: {fileID: 0}
  m_PrefabAsset: {fileID: 0}
  m_GameObject: {fileID: 618183347489166925}
  m_Enabled: 0
  m_EditorHideFlags: 0
  m_Script: {fileID: 392807261, guid: 20990ec6b45e544b0b5f28b1e0c1c96b, type: 3}
  m_Name: 
  m_EditorClassIdentifier: 
  _initialized: 1
  _reset: 0
  _version: 1.2.5
  _moved: 0
  _foldout: 1
  _drawSeparator: 0
  enabledInEditor: 1
  container: {fileID: -8823416829853317927}
  editor: {fileID: 0}
  _id: On Collision Stay
  _actions:
  - {fileID: 7085153355015565876}
  _parameters:
  - {fileID: 2305883757739710166}
  - {fileID: -5037351166243952807}
  - {fileID: -8095916341848048970}
  - {fileID: -250675311615102658}
  _showParameters: 0
  _showSettings: 1
  _actionsFoldout: 1
  _ignorePause: 0
  _listeningRange: 0
  _listeningTarget: {fileID: 2642343896775343474, guid: 86c6701ce16f2294bb77b10dda9f73be,
    type: 3}
  _listeningList: {fileID: 0}
--- !u!114 &2305883757739710166
MonoBehaviour:
  m_ObjectHideFlags: 3
  m_CorrespondingSourceObject: {fileID: 0}
  m_PrefabInstance: {fileID: 0}
  m_PrefabAsset: {fileID: 0}
  m_GameObject: {fileID: 618183347489166925}
  m_Enabled: 0
  m_EditorHideFlags: 0
  m_Script: {fileID: 280294710, guid: 20990ec6b45e544b0b5f28b1e0c1c96b, type: 3}
  m_Name: 
  m_EditorClassIdentifier: 
  _initialized: 1
  _reset: 0
  _version: 1.2.5
  _moved: 0
  _foldout: 0
  _drawSeparator: 0
  enabledInEditor: 1
  container: {fileID: -2201804315275743522}
  editor: {fileID: 0}
  _id: Source
  _dataType: 8
  _typeName: UnityEngine.GameObject
  _indirectDataType: 0
  _indirectTypeName: 
  _defaultStringValue: 
  _defaultIntValue: 0
  _defaultFloatValue: 0
  _defaultBoolValue: 0
  _defaultVector2Value: {x: 0, y: 0}
  _defaultVector3Value: {x: 0, y: 0, z: 0}
  _defaultVector4Value: {x: 0, y: 0, z: 0, w: 0}
  _defaultRectValue:
    serializedVersion: 2
    x: 0
    y: 0
    width: 0
    height: 0
  _defaultColorValue: {r: 0, g: 0, b: 0, a: 0}
  _defaultEnumIntValue: 0
  _defaultBoundsValue:
    m_Center: {x: 0, y: 0, z: 0}
    m_Extent: {x: 0, y: 0, z: 0}
  _defaultQuaternionValue: {x: 0, y: 0, z: 0, w: 0}
  _stringValue: 
  _intValue: 0
  _floatValue: 0
  _boolValue: 1
  _vector2Value: {x: 0, y: 0}
  _vector3Value: {x: 0, y: 0, z: 0}
  _rectValue:
    serializedVersion: 2
    x: 0
    y: 0
    width: 0
    height: 0
  _colorValue: {r: 0, g: 0, b: 0, a: 1}
  _objectValue: {fileID: 0}
  _enumIntValue: 0
  _enumCached: 0
  _boundsValue:
    m_Center: {x: 0, y: 0, z: 0}
    m_Extent: {x: 0, y: 0, z: 0}
  _quaternionValue: {x: 0, y: 0, z: 0, w: 1}
  _vector4Value: {x: 0, y: 0, z: 0, w: 0}
  _animationCurveValue:
    serializedVersion: 2
    m_Curve: []
    m_PreInfinity: 2
    m_PostInfinity: 2
    m_RotationOrder: 4
  _readOnly: 1
  _private: 1
  _persistent: 0
  _indirect: 0
  _isVariant: 0
  _showDescription: 1
  _description: The GameObject which was collided and originated the event.
  _changeListeners: []
  _hidden: 0
  _display: 1
  _label: Parameter
--- !u!114 &-5037351166243952807
MonoBehaviour:
  m_ObjectHideFlags: 3
  m_CorrespondingSourceObject: {fileID: 0}
  m_PrefabInstance: {fileID: 0}
  m_PrefabAsset: {fileID: 0}
  m_GameObject: {fileID: 618183347489166925}
  m_Enabled: 0
  m_EditorHideFlags: 0
  m_Script: {fileID: 280294710, guid: 20990ec6b45e544b0b5f28b1e0c1c96b, type: 3}
  m_Name: 
  m_EditorClassIdentifier: 
  _initialized: 1
  _reset: 0
  _version: 1.2.5
  _moved: 0
  _foldout: 0
  _drawSeparator: 0
  enabledInEditor: 1
  container: {fileID: -2201804315275743522}
  editor: {fileID: 0}
  _id: Other
  _dataType: 8
  _typeName: UnityEngine.GameObject
  _indirectDataType: 0
  _indirectTypeName: 
  _defaultStringValue: 
  _defaultIntValue: 0
  _defaultFloatValue: 0
  _defaultBoolValue: 0
  _defaultVector2Value: {x: 0, y: 0}
  _defaultVector3Value: {x: 0, y: 0, z: 0}
  _defaultVector4Value: {x: 0, y: 0, z: 0, w: 0}
  _defaultRectValue:
    serializedVersion: 2
    x: 0
    y: 0
    width: 0
    height: 0
  _defaultColorValue: {r: 0, g: 0, b: 0, a: 0}
  _defaultEnumIntValue: 0
  _defaultBoundsValue:
    m_Center: {x: 0, y: 0, z: 0}
    m_Extent: {x: 0, y: 0, z: 0}
  _defaultQuaternionValue: {x: 0, y: 0, z: 0, w: 0}
  _stringValue: 
  _intValue: 0
  _floatValue: 0
  _boolValue: 1
  _vector2Value: {x: 0, y: 0}
  _vector3Value: {x: 0, y: 0, z: 0}
  _rectValue:
    serializedVersion: 2
    x: 0
    y: 0
    width: 0
    height: 0
  _colorValue: {r: 0, g: 0, b: 0, a: 1}
  _objectValue: {fileID: 0}
  _enumIntValue: 0
  _enumCached: 0
  _boundsValue:
    m_Center: {x: 0, y: 0, z: 0}
    m_Extent: {x: 0, y: 0, z: 0}
  _quaternionValue: {x: 0, y: 0, z: 0, w: 1}
  _vector4Value: {x: 0, y: 0, z: 0, w: 0}
  _animationCurveValue:
    serializedVersion: 2
    m_Curve: []
    m_PreInfinity: 2
    m_PostInfinity: 2
    m_RotationOrder: 4
  _readOnly: 1
  _private: 1
  _persistent: 0
  _indirect: 0
  _isVariant: 0
  _showDescription: 1
  _description: The GameObject that collided with <Source>.
  _changeListeners: []
  _hidden: 0
  _display: 1
  _label: Parameter
--- !u!114 &-8095916341848048970
MonoBehaviour:
  m_ObjectHideFlags: 3
  m_CorrespondingSourceObject: {fileID: 0}
  m_PrefabInstance: {fileID: 0}
  m_PrefabAsset: {fileID: 0}
  m_GameObject: {fileID: 618183347489166925}
  m_Enabled: 0
  m_EditorHideFlags: 0
  m_Script: {fileID: 280294710, guid: 20990ec6b45e544b0b5f28b1e0c1c96b, type: 3}
  m_Name: 
  m_EditorClassIdentifier: 
  _initialized: 1
  _reset: 0
  _version: 1.2.5
  _moved: 0
  _foldout: 0
  _drawSeparator: 0
  enabledInEditor: 1
  container: {fileID: -2201804315275743522}
  editor: {fileID: 0}
  _id: Contact Point
  _dataType: 5
  _typeName: 
  _indirectDataType: 0
  _indirectTypeName: 
  _defaultStringValue: 
  _defaultIntValue: 0
  _defaultFloatValue: 0
  _defaultBoolValue: 0
  _defaultVector2Value: {x: 0, y: 0}
  _defaultVector3Value: {x: 0, y: 0, z: 0}
  _defaultVector4Value: {x: 0, y: 0, z: 0, w: 0}
  _defaultRectValue:
    serializedVersion: 2
    x: 0
    y: 0
    width: 0
    height: 0
  _defaultColorValue: {r: 0, g: 0, b: 0, a: 0}
  _defaultEnumIntValue: 0
  _defaultBoundsValue:
    m_Center: {x: 0, y: 0, z: 0}
    m_Extent: {x: 0, y: 0, z: 0}
  _defaultQuaternionValue: {x: 0, y: 0, z: 0, w: 0}
  _stringValue: 
  _intValue: 0
  _floatValue: 0
  _boolValue: 1
  _vector2Value: {x: 0, y: 0}
  _vector3Value: {x: 0, y: 0, z: 0}
  _rectValue:
    serializedVersion: 2
    x: 0
    y: 0
    width: 0
    height: 0
  _colorValue: {r: 0, g: 0, b: 0, a: 1}
  _objectValue: {fileID: 0}
  _enumIntValue: 0
  _enumCached: 0
  _boundsValue:
    m_Center: {x: 0, y: 0, z: 0}
    m_Extent: {x: 0, y: 0, z: 0}
  _quaternionValue: {x: 0, y: 0, z: 0, w: 1}
  _vector4Value: {x: 0, y: 0, z: 0, w: 0}
  _animationCurveValue:
    serializedVersion: 2
    m_Curve: []
    m_PreInfinity: 2
    m_PostInfinity: 2
    m_RotationOrder: 4
  _readOnly: 1
  _private: 1
  _persistent: 0
  _indirect: 0
  _isVariant: 0
  _showDescription: 1
  _description: The 3D world coordinates of the collision contact point.
  _changeListeners: []
  _hidden: 0
  _display: 1
  _label: Parameter
--- !u!114 &-250675311615102658
MonoBehaviour:
  m_ObjectHideFlags: 3
  m_CorrespondingSourceObject: {fileID: 0}
  m_PrefabInstance: {fileID: 0}
  m_PrefabAsset: {fileID: 0}
  m_GameObject: {fileID: 618183347489166925}
  m_Enabled: 0
  m_EditorHideFlags: 0
  m_Script: {fileID: 280294710, guid: 20990ec6b45e544b0b5f28b1e0c1c96b, type: 3}
  m_Name: 
  m_EditorClassIdentifier: 
  _initialized: 1
  _reset: 0
  _version: 1.2.5
  _moved: 0
  _foldout: 0
  _drawSeparator: 0
  enabledInEditor: 1
  container: {fileID: -2201804315275743522}
  editor: {fileID: 0}
  _id: Relative Velocity
  _dataType: 5
  _typeName: 
  _indirectDataType: 0
  _indirectTypeName: 
  _defaultStringValue: 
  _defaultIntValue: 0
  _defaultFloatValue: 0
  _defaultBoolValue: 0
  _defaultVector2Value: {x: 0, y: 0}
  _defaultVector3Value: {x: 0, y: 0, z: 0}
  _defaultVector4Value: {x: 0, y: 0, z: 0, w: 0}
  _defaultRectValue:
    serializedVersion: 2
    x: 0
    y: 0
    width: 0
    height: 0
  _defaultColorValue: {r: 0, g: 0, b: 0, a: 0}
  _defaultEnumIntValue: 0
  _defaultBoundsValue:
    m_Center: {x: 0, y: 0, z: 0}
    m_Extent: {x: 0, y: 0, z: 0}
  _defaultQuaternionValue: {x: 0, y: 0, z: 0, w: 0}
  _stringValue: 
  _intValue: 0
  _floatValue: 0
  _boolValue: 1
  _vector2Value: {x: 0, y: 0}
  _vector3Value: {x: 0, y: 0, z: 0}
  _rectValue:
    serializedVersion: 2
    x: 0
    y: 0
    width: 0
    height: 0
  _colorValue: {r: 0, g: 0, b: 0, a: 1}
  _objectValue: {fileID: 0}
  _enumIntValue: 0
  _enumCached: 0
  _boundsValue:
    m_Center: {x: 0, y: 0, z: 0}
    m_Extent: {x: 0, y: 0, z: 0}
  _quaternionValue: {x: 0, y: 0, z: 0, w: 1}
  _vector4Value: {x: 0, y: 0, z: 0, w: 0}
  _animationCurveValue:
    serializedVersion: 2
    m_Curve: []
    m_PreInfinity: 2
    m_PostInfinity: 2
    m_RotationOrder: 4
  _readOnly: 1
  _private: 1
  _persistent: 0
  _indirect: 0
  _isVariant: 0
  _showDescription: 1
  _description: The relative linear velocity of the two colliding objects.
  _changeListeners: []
  _hidden: 0
  _display: 1
  _label: Parameter
--- !u!1 &618246157651944633
GameObject:
  m_ObjectHideFlags: 0
  m_CorrespondingSourceObject: {fileID: 0}
  m_PrefabInstance: {fileID: 0}
  m_PrefabAsset: {fileID: 0}
  serializedVersion: 6
  m_Component:
  - component: {fileID: 612610147078997811}
  - component: {fileID: 715961232965099173}
  m_Layer: 0
  m_Name: LightOuter
  m_TagString: Untagged
  m_Icon: {fileID: 0}
  m_NavMeshLayer: 0
  m_StaticEditorFlags: 0
  m_IsActive: 1
--- !u!4 &612610147078997811
Transform:
  m_ObjectHideFlags: 0
  m_CorrespondingSourceObject: {fileID: 0}
  m_PrefabInstance: {fileID: 0}
  m_PrefabAsset: {fileID: 0}
  m_GameObject: {fileID: 618246157651944633}
  m_LocalRotation: {x: -0.7071068, y: -0, z: -0, w: 0.7071068}
  m_LocalPosition: {x: 0, y: 0.173, z: 0}
  m_LocalScale: {x: 1, y: 1, z: 1}
  m_Children:
  - {fileID: 612708291055415945}
  m_Father: {fileID: 612796381841509761}
  m_RootOrder: 0
  m_LocalEulerAnglesHint: {x: -90, y: 0, z: 0}
--- !u!108 &715961232965099173
Light:
  m_ObjectHideFlags: 0
  m_CorrespondingSourceObject: {fileID: 0}
  m_PrefabInstance: {fileID: 0}
  m_PrefabAsset: {fileID: 0}
  m_GameObject: {fileID: 618246157651944633}
  m_Enabled: 1
  serializedVersion: 9
  m_Type: 0
  m_Color: {r: 0.4433962, g: 0.4433962, b: 0.4433962, a: 1}
  m_Intensity: 3.2
  m_Range: 38.41
  m_SpotAngle: 40.1
  m_InnerSpotAngle: 40.1
  m_CookieSize: 10
  m_Shadows:
    m_Type: 0
    m_Resolution: -1
    m_CustomResolution: -1
    m_Strength: 1
    m_Bias: 0.05
    m_NormalBias: 0.4
    m_NearPlane: 0.2
    m_CullingMatrixOverride:
      e00: 1
      e01: 0
      e02: 0
      e03: 0
      e10: 0
      e11: 1
      e12: 0
      e13: 0
      e20: 0
      e21: 0
      e22: 1
      e23: 0
      e30: 0
      e31: 0
      e32: 0
      e33: 1
    m_UseCullingMatrixOverride: 0
  m_Cookie: {fileID: 0}
  m_DrawHalo: 0
  m_Flare: {fileID: 0}
  m_RenderMode: 1
  m_CullingMask:
    serializedVersion: 2
    m_Bits: 4294967295
  m_RenderingLayerMask: 1
  m_Lightmapping: 1
  m_LightShadowCasterMode: 0
  m_AreaSize: {x: 1, y: 1}
  m_BounceIntensity: 1
  m_ColorTemperature: 6570
  m_UseColorTemperature: 0
  m_BoundingSphereOverride: {x: 0, y: 0, z: 0, w: 0}
  m_UseBoundingSphereOverride: 0
  m_ShadowRadius: 0
  m_ShadowAngle: 0
--- !u!1 &618248021528684767
GameObject:
  m_ObjectHideFlags: 0
  m_CorrespondingSourceObject: {fileID: 0}
  m_PrefabInstance: {fileID: 0}
  m_PrefabAsset: {fileID: 0}
  serializedVersion: 6
  m_Component:
  - component: {fileID: 612708291055415945}
  - component: {fileID: 653584500884348767}
  m_Layer: 0
  m_Name: LightMid
  m_TagString: Untagged
  m_Icon: {fileID: 0}
  m_NavMeshLayer: 0
  m_StaticEditorFlags: 0
  m_IsActive: 1
--- !u!4 &612708291055415945
Transform:
  m_ObjectHideFlags: 0
  m_CorrespondingSourceObject: {fileID: 0}
  m_PrefabInstance: {fileID: 0}
  m_PrefabAsset: {fileID: 0}
  m_GameObject: {fileID: 618248021528684767}
  m_LocalRotation: {x: -0, y: -0, z: -0, w: 1}
  m_LocalPosition: {x: 0, y: 0, z: 0}
  m_LocalScale: {x: 1, y: 1, z: 1}
  m_Children:
  - {fileID: 621316153389216963}
  m_Father: {fileID: 612610147078997811}
  m_RootOrder: 0
  m_LocalEulerAnglesHint: {x: -90, y: 0, z: 0}
--- !u!108 &653584500884348767
Light:
  m_ObjectHideFlags: 0
  m_CorrespondingSourceObject: {fileID: 0}
  m_PrefabInstance: {fileID: 0}
  m_PrefabAsset: {fileID: 0}
  m_GameObject: {fileID: 618248021528684767}
  m_Enabled: 1
  serializedVersion: 9
  m_Type: 0
  m_Color: {r: 1, g: 1, b: 0.8632076, a: 1}
  m_Intensity: 4.88
  m_Range: 6.53
  m_SpotAngle: 24
  m_InnerSpotAngle: 24
  m_CookieSize: 10
  m_Shadows:
    m_Type: 2
    m_Resolution: -1
    m_CustomResolution: -1
    m_Strength: 1
    m_Bias: 0.05
    m_NormalBias: 0.4
    m_NearPlane: 0.2
    m_CullingMatrixOverride:
      e00: 1
      e01: 0
      e02: 0
      e03: 0
      e10: 0
      e11: 1
      e12: 0
      e13: 0
      e20: 0
      e21: 0
      e22: 1
      e23: 0
      e30: 0
      e31: 0
      e32: 0
      e33: 1
    m_UseCullingMatrixOverride: 0
  m_Cookie: {fileID: 0}
  m_DrawHalo: 0
  m_Flare: {fileID: 0}
  m_RenderMode: 1
  m_CullingMask:
    serializedVersion: 2
    m_Bits: 4294967295
  m_RenderingLayerMask: 1
  m_Lightmapping: 4
  m_LightShadowCasterMode: 0
  m_AreaSize: {x: 1, y: 1}
  m_BounceIntensity: 1.28
  m_ColorTemperature: 6570
  m_UseColorTemperature: 0
  m_BoundingSphereOverride: {x: 0, y: 0, z: 0, w: 0}
  m_UseBoundingSphereOverride: 0
  m_ShadowRadius: 0
  m_ShadowAngle: 0
--- !u!1 &618378201411964677
GameObject:
  m_ObjectHideFlags: 0
  m_CorrespondingSourceObject: {fileID: 0}
  m_PrefabInstance: {fileID: 0}
  m_PrefabAsset: {fileID: 0}
  serializedVersion: 6
  m_Component:
  - component: {fileID: 612834997117539497}
  - component: {fileID: 641626290355820717}
  - component: {fileID: 631888393373882745}
  m_Layer: 0
  m_Name: Flashlight_LOD2
  m_TagString: Untagged
  m_Icon: {fileID: 0}
  m_NavMeshLayer: 0
  m_StaticEditorFlags: 0
  m_IsActive: 1
--- !u!4 &612834997117539497
Transform:
  m_ObjectHideFlags: 0
  m_CorrespondingSourceObject: {fileID: 0}
  m_PrefabInstance: {fileID: 0}
  m_PrefabAsset: {fileID: 0}
  m_GameObject: {fileID: 618378201411964677}
  m_LocalRotation: {x: 0, y: -0, z: -0, w: 1}
  m_LocalPosition: {x: -0.0000000834465, y: 0.102802716, z: -0.00041855095}
  m_LocalScale: {x: 1, y: 1, z: 1}
  m_Children: []
  m_Father: {fileID: 612796381841509761}
  m_RootOrder: 3
  m_LocalEulerAnglesHint: {x: 0, y: 0, z: 0}
--- !u!33 &641626290355820717
MeshFilter:
  m_ObjectHideFlags: 0
  m_CorrespondingSourceObject: {fileID: 0}
  m_PrefabInstance: {fileID: 0}
  m_PrefabAsset: {fileID: 0}
  m_GameObject: {fileID: 618378201411964677}
  m_Mesh: {fileID: 4300004, guid: 3875ca2c5689e804aace57bc0f79edd1, type: 3}
--- !u!23 &631888393373882745
MeshRenderer:
  m_ObjectHideFlags: 0
  m_CorrespondingSourceObject: {fileID: 0}
  m_PrefabInstance: {fileID: 0}
  m_PrefabAsset: {fileID: 0}
  m_GameObject: {fileID: 618378201411964677}
  m_Enabled: 1
  m_CastShadows: 1
  m_ReceiveShadows: 1
  m_DynamicOccludee: 1
  m_MotionVectors: 1
  m_LightProbeUsage: 1
  m_ReflectionProbeUsage: 1
  m_RenderingLayerMask: 4294967295
  m_RendererPriority: 0
  m_Materials:
  - {fileID: 2100000, guid: ff650073054ab3145b5c0279ce4b7a42, type: 2}
  - {fileID: 2100000, guid: ff650073054ab3145b5c0279ce4b7a42, type: 2}
  - {fileID: 2100000, guid: 174ca498363747e43abe90b2f66d8a6a, type: 2}
  m_StaticBatchInfo:
    firstSubMesh: 0
    subMeshCount: 0
  m_StaticBatchRoot: {fileID: 0}
  m_ProbeAnchor: {fileID: 0}
  m_LightProbeVolumeOverride: {fileID: 0}
  m_ScaleInLightmap: 0.125
  m_ReceiveGI: 1
  m_PreserveUVs: 0
  m_IgnoreNormalsForChartDetection: 0
  m_ImportantGI: 0
  m_StitchLightmapSeams: 0
  m_SelectedEditorRenderState: 3
  m_MinimumChartSize: 4
  m_AutoUVMaxDistance: 0.5
  m_AutoUVMaxAngle: 89
  m_LightmapParameters: {fileID: 0}
  m_SortingLayerID: 0
  m_SortingLayer: 0
  m_SortingOrder: 0
--- !u!1 &618658439803447373
GameObject:
  m_ObjectHideFlags: 0
  m_CorrespondingSourceObject: {fileID: 0}
  m_PrefabInstance: {fileID: 0}
  m_PrefabAsset: {fileID: 0}
  serializedVersion: 6
  m_Component:
  - component: {fileID: 621296968795909647}
  - component: {fileID: 641055594338321439}
  - component: {fileID: 631782309265325745}
  m_Layer: 0
  m_Name: Flashlight_LOD0
  m_TagString: Untagged
  m_Icon: {fileID: 0}
  m_NavMeshLayer: 0
  m_StaticEditorFlags: 0
  m_IsActive: 1
--- !u!4 &621296968795909647
Transform:
  m_ObjectHideFlags: 0
  m_CorrespondingSourceObject: {fileID: 0}
  m_PrefabInstance: {fileID: 0}
  m_PrefabAsset: {fileID: 0}
  m_GameObject: {fileID: 618658439803447373}
  m_LocalRotation: {x: 0, y: -0, z: -0, w: 1}
  m_LocalPosition: {x: 0.0000000333786, y: 0.10280262, z: -0.000000051259992}
  m_LocalScale: {x: 1, y: 1, z: 1}
  m_Children: []
  m_Father: {fileID: 612796381841509761}
  m_RootOrder: 1
  m_LocalEulerAnglesHint: {x: 0, y: 0, z: 0}
--- !u!33 &641055594338321439
MeshFilter:
  m_ObjectHideFlags: 0
  m_CorrespondingSourceObject: {fileID: 0}
  m_PrefabInstance: {fileID: 0}
  m_PrefabAsset: {fileID: 0}
  m_GameObject: {fileID: 618658439803447373}
  m_Mesh: {fileID: 4300000, guid: 3875ca2c5689e804aace57bc0f79edd1, type: 3}
--- !u!23 &631782309265325745
MeshRenderer:
  m_ObjectHideFlags: 0
  m_CorrespondingSourceObject: {fileID: 0}
  m_PrefabInstance: {fileID: 0}
  m_PrefabAsset: {fileID: 0}
  m_GameObject: {fileID: 618658439803447373}
  m_Enabled: 1
  m_CastShadows: 1
  m_ReceiveShadows: 1
  m_DynamicOccludee: 1
  m_MotionVectors: 1
  m_LightProbeUsage: 1
  m_ReflectionProbeUsage: 1
  m_RenderingLayerMask: 4294967295
  m_RendererPriority: 0
  m_Materials:
  - {fileID: 2100000, guid: ff650073054ab3145b5c0279ce4b7a42, type: 2}
  - {fileID: 2100000, guid: ff650073054ab3145b5c0279ce4b7a42, type: 2}
  - {fileID: 2100000, guid: 174ca498363747e43abe90b2f66d8a6a, type: 2}
  m_StaticBatchInfo:
    firstSubMesh: 0
    subMeshCount: 0
  m_StaticBatchRoot: {fileID: 0}
  m_ProbeAnchor: {fileID: 0}
  m_LightProbeVolumeOverride: {fileID: 0}
  m_ScaleInLightmap: 1
  m_ReceiveGI: 1
  m_PreserveUVs: 0
  m_IgnoreNormalsForChartDetection: 0
  m_ImportantGI: 0
  m_StitchLightmapSeams: 0
  m_SelectedEditorRenderState: 3
  m_MinimumChartSize: 4
  m_AutoUVMaxDistance: 0.5
  m_AutoUVMaxAngle: 89
  m_LightmapParameters: {fileID: 0}
  m_SortingLayerID: 0
  m_SortingLayer: 0
  m_SortingOrder: 0
--- !u!1 &618740118606957053
GameObject:
  m_ObjectHideFlags: 0
  m_CorrespondingSourceObject: {fileID: 0}
  m_PrefabInstance: {fileID: 0}
  m_PrefabAsset: {fileID: 0}
  serializedVersion: 6
  m_Component:
  - component: {fileID: 621316153389216963}
  - component: {fileID: 653799552058545213}
  m_Layer: 0
  m_Name: LightInner
  m_TagString: Untagged
  m_Icon: {fileID: 0}
  m_NavMeshLayer: 0
  m_StaticEditorFlags: 0
  m_IsActive: 1
--- !u!4 &621316153389216963
Transform:
  m_ObjectHideFlags: 0
  m_CorrespondingSourceObject: {fileID: 0}
  m_PrefabInstance: {fileID: 0}
  m_PrefabAsset: {fileID: 0}
  m_GameObject: {fileID: 618740118606957053}
  m_LocalRotation: {x: -0, y: -0, z: -0, w: 1}
  m_LocalPosition: {x: 0, y: 0, z: 0}
  m_LocalScale: {x: 1, y: 1, z: 1}
  m_Children: []
  m_Father: {fileID: 612708291055415945}
  m_RootOrder: 0
  m_LocalEulerAnglesHint: {x: -90, y: 0, z: 0}
--- !u!108 &653799552058545213
Light:
  m_ObjectHideFlags: 0
  m_CorrespondingSourceObject: {fileID: 0}
  m_PrefabInstance: {fileID: 0}
  m_PrefabAsset: {fileID: 0}
  m_GameObject: {fileID: 618740118606957053}
  m_Enabled: 1
  serializedVersion: 9
  m_Type: 0
  m_Color: {r: 1, g: 1, b: 0.8632076, a: 1}
  m_Intensity: 10.8
  m_Range: 6
  m_SpotAngle: 17.5
  m_InnerSpotAngle: 17.5
  m_CookieSize: 10
  m_Shadows:
    m_Type: 0
    m_Resolution: -1
    m_CustomResolution: -1
    m_Strength: 1
    m_Bias: 0.05
    m_NormalBias: 0.4
    m_NearPlane: 0.2
    m_CullingMatrixOverride:
      e00: 1
      e01: 0
      e02: 0
      e03: 0
      e10: 0
      e11: 1
      e12: 0
      e13: 0
      e20: 0
      e21: 0
      e22: 1
      e23: 0
      e30: 0
      e31: 0
      e32: 0
      e33: 1
    m_UseCullingMatrixOverride: 0
  m_Cookie: {fileID: 0}
  m_DrawHalo: 0
  m_Flare: {fileID: 0}
  m_RenderMode: 1
  m_CullingMask:
    serializedVersion: 2
    m_Bits: 4294967295
  m_RenderingLayerMask: 1
  m_Lightmapping: 4
  m_LightShadowCasterMode: 0
  m_AreaSize: {x: 1, y: 1}
  m_BounceIntensity: 0.5
  m_ColorTemperature: 6570
  m_UseColorTemperature: 0
  m_BoundingSphereOverride: {x: 0, y: 0, z: 0, w: 0}
  m_UseBoundingSphereOverride: 0
  m_ShadowRadius: 0
  m_ShadowAngle: 0
--- !u!1 &618800501620674123
GameObject:
  m_ObjectHideFlags: 0
  m_CorrespondingSourceObject: {fileID: 0}
  m_PrefabInstance: {fileID: 0}
  m_PrefabAsset: {fileID: 0}
  serializedVersion: 6
  m_Component:
  - component: {fileID: 612567151552713117}
  - component: {fileID: 641506131914475657}
  - component: {fileID: 631282004772012401}
  m_Layer: 0
  m_Name: Flashlight_LOD1
  m_TagString: Untagged
  m_Icon: {fileID: 0}
  m_NavMeshLayer: 0
  m_StaticEditorFlags: 0
  m_IsActive: 1
--- !u!4 &612567151552713117
Transform:
  m_ObjectHideFlags: 0
  m_CorrespondingSourceObject: {fileID: 0}
  m_PrefabInstance: {fileID: 0}
  m_PrefabAsset: {fileID: 0}
  m_GameObject: {fileID: 618800501620674123}
  m_LocalRotation: {x: 0, y: -0, z: -0, w: 1}
  m_LocalPosition: {x: -0.0000000834465, y: 0.102802716, z: 0.00000044584274}
  m_LocalScale: {x: 1, y: 1, z: 1}
  m_Children: []
  m_Father: {fileID: 612796381841509761}
  m_RootOrder: 2
  m_LocalEulerAnglesHint: {x: 0, y: 0, z: 0}
--- !u!33 &641506131914475657
MeshFilter:
  m_ObjectHideFlags: 0
  m_CorrespondingSourceObject: {fileID: 0}
  m_PrefabInstance: {fileID: 0}
  m_PrefabAsset: {fileID: 0}
  m_GameObject: {fileID: 618800501620674123}
  m_Mesh: {fileID: 4300002, guid: 3875ca2c5689e804aace57bc0f79edd1, type: 3}
--- !u!23 &631282004772012401
MeshRenderer:
  m_ObjectHideFlags: 0
  m_CorrespondingSourceObject: {fileID: 0}
  m_PrefabInstance: {fileID: 0}
  m_PrefabAsset: {fileID: 0}
  m_GameObject: {fileID: 618800501620674123}
  m_Enabled: 1
  m_CastShadows: 1
  m_ReceiveShadows: 1
  m_DynamicOccludee: 1
  m_MotionVectors: 1
  m_LightProbeUsage: 1
  m_ReflectionProbeUsage: 1
  m_RenderingLayerMask: 4294967295
  m_RendererPriority: 0
  m_Materials:
  - {fileID: 2100000, guid: 174ca498363747e43abe90b2f66d8a6a, type: 2}
  - {fileID: 2100000, guid: ff650073054ab3145b5c0279ce4b7a42, type: 2}
  - {fileID: 2100000, guid: ff650073054ab3145b5c0279ce4b7a42, type: 2}
  m_StaticBatchInfo:
    firstSubMesh: 0
    subMeshCount: 0
  m_StaticBatchRoot: {fileID: 0}
  m_ProbeAnchor: {fileID: 0}
  m_LightProbeVolumeOverride: {fileID: 0}
  m_ScaleInLightmap: 0.40306228
  m_ReceiveGI: 1
  m_PreserveUVs: 0
  m_IgnoreNormalsForChartDetection: 0
  m_ImportantGI: 0
  m_StitchLightmapSeams: 0
  m_SelectedEditorRenderState: 3
  m_MinimumChartSize: 4
  m_AutoUVMaxDistance: 0.5
  m_AutoUVMaxAngle: 89
  m_LightmapParameters: {fileID: 0}
  m_SortingLayerID: 0
  m_SortingLayer: 0
  m_SortingOrder: 0
