%YAML 1.1
%TAG !u! tag:unity3d.com,2011:
--- !u!29 &1
OcclusionCullingSettings:
  m_ObjectHideFlags: 0
  serializedVersion: 2
  m_OcclusionBakeSettings:
    smallestOccluder: 5
    smallestHole: 0.25
    backfaceThreshold: 100
  m_SceneGUID: 00000000000000000000000000000000
  m_OcclusionCullingData: {fileID: 0}
--- !u!104 &2
RenderSettings:
  m_ObjectHideFlags: 0
  serializedVersion: 9
  m_Fog: 1
  m_FogColor: {r: 0, g: 0, b: 0, a: 1}
  m_FogMode: 2
  m_FogDensity: 0.16
  m_LinearFogStart: 0
  m_LinearFogEnd: 300
  m_AmbientSkyColor: {r: 0, g: 0, b: 0, a: 1}
  m_AmbientEquatorColor: {r: 0.114, g: 0.125, b: 0.133, a: 1}
  m_AmbientGroundColor: {r: 0.047, g: 0.043, b: 0.035, a: 1}
  m_AmbientIntensity: 0
  m_AmbientMode: 3
  m_SubtractiveShadowColor: {r: 0.42, g: 0.478, b: 0.627, a: 1}
  m_SkyboxMaterial: {fileID: 2100000, guid: 5ba7d209f622bb44e87b47ce27ee27b7, type: 2}
  m_HaloStrength: 0.5
  m_FlareStrength: 1
  m_FlareFadeSpeed: 3
  m_HaloTexture: {fileID: 0}
  m_SpotCookie: {fileID: 10001, guid: 0000000000000000e000000000000000, type: 0}
  m_DefaultReflectionMode: 0
  m_DefaultReflectionResolution: 128
  m_ReflectionBounces: 1
  m_ReflectionIntensity: 1
  m_CustomReflection: {fileID: 0}
  m_Sun: {fileID: 0}
  m_IndirectSpecularColor: {r: 0, g: 0, b: 0, a: 1}
  m_UseRadianceAmbientProbe: 0
--- !u!157 &3
LightmapSettings:
  m_ObjectHideFlags: 0
  serializedVersion: 11
  m_GIWorkflowMode: 1
  m_GISettings:
    serializedVersion: 2
    m_BounceScale: 1
    m_IndirectOutputScale: 0
    m_AlbedoBoost: 1
    m_EnvironmentLightingMode: 0
    m_EnableBakedLightmaps: 1
    m_EnableRealtimeLightmaps: 1
  m_LightmapEditorSettings:
    serializedVersion: 12
    m_Resolution: 2
    m_BakeResolution: 40
    m_AtlasSize: 1024
    m_AO: 0
    m_AOMaxDistance: 1
    m_CompAOExponent: 1
    m_CompAOExponentDirect: 0
    m_ExtractAmbientOcclusion: 0
    m_Padding: 2
    m_LightmapParameters: {fileID: 0}
    m_LightmapsBakeMode: 1
    m_TextureCompression: 1
    m_FinalGather: 0
    m_FinalGatherFiltering: 1
    m_FinalGatherRayCount: 256
    m_ReflectionCompression: 2
    m_MixedBakeMode: 2
    m_BakeBackend: 1
    m_PVRSampling: 1
    m_PVRDirectSampleCount: 32
    m_PVRSampleCount: 512
    m_PVRBounces: 2
    m_PVREnvironmentSampleCount: 256
    m_PVREnvironmentReferencePointCount: 2048
    m_PVRFilteringMode: 1
    m_PVRDenoiserTypeDirect: 1
    m_PVRDenoiserTypeIndirect: 1
    m_PVRDenoiserTypeAO: 1
    m_PVRFilterTypeDirect: 0
    m_PVRFilterTypeIndirect: 0
    m_PVRFilterTypeAO: 0
    m_PVREnvironmentMIS: 1
    m_PVRCulling: 1
    m_PVRFilteringGaussRadiusDirect: 1
    m_PVRFilteringGaussRadiusIndirect: 5
    m_PVRFilteringGaussRadiusAO: 2
    m_PVRFilteringAtrousPositionSigmaDirect: 0.5
    m_PVRFilteringAtrousPositionSigmaIndirect: 2
    m_PVRFilteringAtrousPositionSigmaAO: 1
    m_ExportTrainingData: 0
    m_TrainingDataDestination: TrainingData
  m_LightingDataAsset: {fileID: 0}
  m_UseShadowmask: 1
--- !u!196 &4
NavMeshSettings:
  serializedVersion: 2
  m_ObjectHideFlags: 0
  m_BuildSettings:
    serializedVersion: 2
    agentTypeID: 0
    agentRadius: 0.5
    agentHeight: 2
    agentSlope: 45
    agentClimb: 0.4
    ledgeDropHeight: 0
    maxJumpAcrossDistance: 0
    minRegionArea: 2
    manualCellSize: 0
    cellSize: 0.16666667
    manualTileSize: 0
    tileSize: 256
    accuratePlacement: 0
    debug:
      m_Flags: 0
  m_NavMeshData: {fileID: 0}
--- !u!1001 &288336958
PrefabInstance:
  m_ObjectHideFlags: 0
  serializedVersion: 2
  m_Modification:
    m_TransformParent: {fileID: 0}
    m_Modifications:
    - target: {fileID: 266682263952010208, guid: 3c6eb3d099cea284aaab4cb7969b9db6,
        type: 3}
      propertyPath: m_Name
      value: Audio Source
      objectReference: {fileID: 0}
    - target: {fileID: 2256755749333288924, guid: 3c6eb3d099cea284aaab4cb7969b9db6,
        type: 3}
      propertyPath: m_LocalPosition.x
      value: -3
      objectReference: {fileID: 0}
    - target: {fileID: 2256755749333288924, guid: 3c6eb3d099cea284aaab4cb7969b9db6,
        type: 3}
      propertyPath: m_LocalPosition.y
      value: 25
      objectReference: {fileID: 0}
    - target: {fileID: 2256755749333288924, guid: 3c6eb3d099cea284aaab4cb7969b9db6,
        type: 3}
      propertyPath: m_LocalPosition.z
      value: 39.291656
      objectReference: {fileID: 0}
    - target: {fileID: 2256755749333288924, guid: 3c6eb3d099cea284aaab4cb7969b9db6,
        type: 3}
      propertyPath: m_LocalRotation.x
      value: -0
      objectReference: {fileID: 0}
    - target: {fileID: 2256755749333288924, guid: 3c6eb3d099cea284aaab4cb7969b9db6,
        type: 3}
      propertyPath: m_LocalRotation.y
      value: -0
      objectReference: {fileID: 0}
    - target: {fileID: 2256755749333288924, guid: 3c6eb3d099cea284aaab4cb7969b9db6,
        type: 3}
      propertyPath: m_LocalRotation.z
      value: -0
      objectReference: {fileID: 0}
    - target: {fileID: 2256755749333288924, guid: 3c6eb3d099cea284aaab4cb7969b9db6,
        type: 3}
      propertyPath: m_LocalRotation.w
      value: 1
      objectReference: {fileID: 0}
    - target: {fileID: 2256755749333288924, guid: 3c6eb3d099cea284aaab4cb7969b9db6,
        type: 3}
      propertyPath: m_RootOrder
      value: 2
      objectReference: {fileID: 0}
    - target: {fileID: 2256755749333288924, guid: 3c6eb3d099cea284aaab4cb7969b9db6,
        type: 3}
      propertyPath: m_LocalEulerAnglesHint.x
      value: 0
      objectReference: {fileID: 0}
    - target: {fileID: 2256755749333288924, guid: 3c6eb3d099cea284aaab4cb7969b9db6,
        type: 3}
      propertyPath: m_LocalEulerAnglesHint.y
      value: 0
      objectReference: {fileID: 0}
    - target: {fileID: 2256755749333288924, guid: 3c6eb3d099cea284aaab4cb7969b9db6,
        type: 3}
      propertyPath: m_LocalEulerAnglesHint.z
      value: 0
      objectReference: {fileID: 0}
    - target: {fileID: 7141679660188718665, guid: 3c6eb3d099cea284aaab4cb7969b9db6,
        type: 3}
      propertyPath: MaxDistance
      value: 68.36
      objectReference: {fileID: 0}
    m_RemovedComponents: []
  m_SourcePrefab: {fileID: 100100000, guid: 3c6eb3d099cea284aaab4cb7969b9db6, type: 3}
--- !u!1001 &603951750
PrefabInstance:
  m_ObjectHideFlags: 0
  serializedVersion: 2
  m_Modification:
    m_TransformParent: {fileID: 0}
    m_Modifications:
    - target: {fileID: -2155219280043438888, guid: ad5f6db5d8c1d0743a97699a6a82a473,
        type: 3}
      propertyPath: editor
      value: 
      objectReference: {fileID: 0}
    - target: {fileID: 266682263952010208, guid: ad5f6db5d8c1d0743a97699a6a82a473,
        type: 3}
      propertyPath: m_Name
      value: Audio Source 1
      objectReference: {fileID: 0}
    - target: {fileID: 2256755749333288924, guid: ad5f6db5d8c1d0743a97699a6a82a473,
        type: 3}
      propertyPath: m_LocalPosition.x
      value: -33
      objectReference: {fileID: 0}
    - target: {fileID: 2256755749333288924, guid: ad5f6db5d8c1d0743a97699a6a82a473,
        type: 3}
      propertyPath: m_LocalPosition.y
      value: 25
      objectReference: {fileID: 0}
    - target: {fileID: 2256755749333288924, guid: ad5f6db5d8c1d0743a97699a6a82a473,
        type: 3}
      propertyPath: m_LocalPosition.z
      value: 9
      objectReference: {fileID: 0}
    - target: {fileID: 2256755749333288924, guid: ad5f6db5d8c1d0743a97699a6a82a473,
        type: 3}
      propertyPath: m_LocalRotation.x
      value: -0
      objectReference: {fileID: 0}
    - target: {fileID: 2256755749333288924, guid: ad5f6db5d8c1d0743a97699a6a82a473,
        type: 3}
      propertyPath: m_LocalRotation.y
      value: -0
      objectReference: {fileID: 0}
    - target: {fileID: 2256755749333288924, guid: ad5f6db5d8c1d0743a97699a6a82a473,
        type: 3}
      propertyPath: m_LocalRotation.z
      value: -0
      objectReference: {fileID: 0}
    - target: {fileID: 2256755749333288924, guid: ad5f6db5d8c1d0743a97699a6a82a473,
        type: 3}
      propertyPath: m_LocalRotation.w
      value: 1
      objectReference: {fileID: 0}
    - target: {fileID: 2256755749333288924, guid: ad5f6db5d8c1d0743a97699a6a82a473,
        type: 3}
      propertyPath: m_RootOrder
      value: 1
      objectReference: {fileID: 0}
    - target: {fileID: 2256755749333288924, guid: ad5f6db5d8c1d0743a97699a6a82a473,
        type: 3}
      propertyPath: m_LocalEulerAnglesHint.x
      value: 0
      objectReference: {fileID: 0}
    - target: {fileID: 2256755749333288924, guid: ad5f6db5d8c1d0743a97699a6a82a473,
        type: 3}
      propertyPath: m_LocalEulerAnglesHint.y
      value: 0
      objectReference: {fileID: 0}
    - target: {fileID: 2256755749333288924, guid: ad5f6db5d8c1d0743a97699a6a82a473,
        type: 3}
      propertyPath: m_LocalEulerAnglesHint.z
      value: 0
      objectReference: {fileID: 0}
    m_RemovedComponents: []
  m_SourcePrefab: {fileID: 100100000, guid: ad5f6db5d8c1d0743a97699a6a82a473, type: 3}
--- !u!1001 &761006402
PrefabInstance:
  m_ObjectHideFlags: 0
  serializedVersion: 2
  m_Modification:
    m_TransformParent: {fileID: 0}
    m_Modifications:
    - target: {fileID: -3516034494293742513, guid: 3a20d516fbe93a14ca166ed54541972e,
        type: 3}
      propertyPath: editor
      value: 
      objectReference: {fileID: 0}
    - target: {fileID: -3516034494293742513, guid: 3a20d516fbe93a14ca166ed54541972e,
        type: 3}
      propertyPath: _target
      value: 
      objectReference: {fileID: 1050547644}
    - target: {fileID: -3516034494293742513, guid: 3a20d516fbe93a14ca166ed54541972e,
        type: 3}
      propertyPath: _toPosition.x
      value: 46
      objectReference: {fileID: 0}
    - target: {fileID: -1014166106121191686, guid: 3a20d516fbe93a14ca166ed54541972e,
        type: 3}
      propertyPath: editor
      value: 
      objectReference: {fileID: 0}
    - target: {fileID: -1014166106121191686, guid: 3a20d516fbe93a14ca166ed54541972e,
        type: 3}
      propertyPath: _t1
      value: 
      objectReference: {fileID: 1050547644}
    - target: {fileID: -1014166106121191686, guid: 3a20d516fbe93a14ca166ed54541972e,
        type: 3}
      propertyPath: _floatValue
      value: 1.1
      objectReference: {fileID: 0}
    - target: {fileID: 4217989936771940822, guid: 3a20d516fbe93a14ca166ed54541972e,
        type: 3}
      propertyPath: m_Name
      value: Tele
      objectReference: {fileID: 0}
    - target: {fileID: 8169047390761402541, guid: 3a20d516fbe93a14ca166ed54541972e,
        type: 3}
      propertyPath: m_LocalPosition.x
      value: 36.68509
      objectReference: {fileID: 0}
    - target: {fileID: 8169047390761402541, guid: 3a20d516fbe93a14ca166ed54541972e,
        type: 3}
      propertyPath: m_LocalPosition.y
      value: 25.02
      objectReference: {fileID: 0}
    - target: {fileID: 8169047390761402541, guid: 3a20d516fbe93a14ca166ed54541972e,
        type: 3}
      propertyPath: m_LocalPosition.z
      value: 7.2667694
      objectReference: {fileID: 0}
    - target: {fileID: 8169047390761402541, guid: 3a20d516fbe93a14ca166ed54541972e,
        type: 3}
      propertyPath: m_LocalRotation.x
      value: 0
      objectReference: {fileID: 0}
    - target: {fileID: 8169047390761402541, guid: 3a20d516fbe93a14ca166ed54541972e,
        type: 3}
      propertyPath: m_LocalRotation.y
      value: 0
      objectReference: {fileID: 0}
    - target: {fileID: 8169047390761402541, guid: 3a20d516fbe93a14ca166ed54541972e,
        type: 3}
      propertyPath: m_LocalRotation.z
      value: 0
      objectReference: {fileID: 0}
    - target: {fileID: 8169047390761402541, guid: 3a20d516fbe93a14ca166ed54541972e,
        type: 3}
      propertyPath: m_LocalRotation.w
      value: 1
      objectReference: {fileID: 0}
    - target: {fileID: 8169047390761402541, guid: 3a20d516fbe93a14ca166ed54541972e,
        type: 3}
      propertyPath: m_RootOrder
      value: 5
      objectReference: {fileID: 0}
    - target: {fileID: 8169047390761402541, guid: 3a20d516fbe93a14ca166ed54541972e,
        type: 3}
      propertyPath: m_LocalEulerAnglesHint.x
      value: 0
      objectReference: {fileID: 0}
    - target: {fileID: 8169047390761402541, guid: 3a20d516fbe93a14ca166ed54541972e,
        type: 3}
      propertyPath: m_LocalEulerAnglesHint.y
      value: 0
      objectReference: {fileID: 0}
    - target: {fileID: 8169047390761402541, guid: 3a20d516fbe93a14ca166ed54541972e,
        type: 3}
      propertyPath: m_LocalEulerAnglesHint.z
      value: 0
      objectReference: {fileID: 0}
    - target: {fileID: 8862415123416141959, guid: 3a20d516fbe93a14ca166ed54541972e,
        type: 3}
      propertyPath: editor
      value: 
      objectReference: {fileID: 0}
    m_RemovedComponents: []
  m_SourcePrefab: {fileID: 100100000, guid: 3a20d516fbe93a14ca166ed54541972e, type: 3}
--- !u!1001 &863922932
PrefabInstance:
  m_ObjectHideFlags: 0
  serializedVersion: 2
  m_Modification:
    m_TransformParent: {fileID: 4140971102482526058}
    m_Modifications:
    - target: {fileID: 4122421874772969221, guid: 58492805d4cee8140a8038180ac8233b,
        type: 3}
      propertyPath: m_Materials.Array.data[0]
      value: 
      objectReference: {fileID: 2100000, guid: 4a11ac89ec3635a4b896556552983d54, type: 2}
    - target: {fileID: 4135187026563044747, guid: 58492805d4cee8140a8038180ac8233b,
        type: 3}
      propertyPath: m_Name
      value: Gen_Floor_01_snaps002 (218)
      objectReference: {fileID: 0}
    - target: {fileID: 4140971102490047183, guid: 58492805d4cee8140a8038180ac8233b,
        type: 3}
      propertyPath: m_LocalPosition.x
      value: -27.000006
      objectReference: {fileID: 0}
    - target: {fileID: 4140971102490047183, guid: 58492805d4cee8140a8038180ac8233b,
        type: 3}
      propertyPath: m_LocalPosition.y
      value: 0
      objectReference: {fileID: 0}
    - target: {fileID: 4140971102490047183, guid: 58492805d4cee8140a8038180ac8233b,
        type: 3}
      propertyPath: m_LocalPosition.z
      value: -12.000006
      objectReference: {fileID: 0}
    - target: {fileID: 4140971102490047183, guid: 58492805d4cee8140a8038180ac8233b,
        type: 3}
      propertyPath: m_LocalRotation.x
      value: -0
      objectReference: {fileID: 0}
    - target: {fileID: 4140971102490047183, guid: 58492805d4cee8140a8038180ac8233b,
        type: 3}
      propertyPath: m_LocalRotation.y
      value: -0
      objectReference: {fileID: 0}
    - target: {fileID: 4140971102490047183, guid: 58492805d4cee8140a8038180ac8233b,
        type: 3}
      propertyPath: m_LocalRotation.z
      value: 9.4587435e-11
      objectReference: {fileID: 0}
    - target: {fileID: 4140971102490047183, guid: 58492805d4cee8140a8038180ac8233b,
        type: 3}
      propertyPath: m_LocalRotation.w
      value: 1
      objectReference: {fileID: 0}
    - target: {fileID: 4140971102490047183, guid: 58492805d4cee8140a8038180ac8233b,
        type: 3}
      propertyPath: m_RootOrder
      value: 203
      objectReference: {fileID: 0}
    - target: {fileID: 4140971102490047183, guid: 58492805d4cee8140a8038180ac8233b,
        type: 3}
      propertyPath: m_LocalEulerAnglesHint.x
      value: -0.34500003
      objectReference: {fileID: 0}
    - target: {fileID: 4140971102490047183, guid: 58492805d4cee8140a8038180ac8233b,
        type: 3}
      propertyPath: m_LocalEulerAnglesHint.y
      value: 89.938
      objectReference: {fileID: 0}
    - target: {fileID: 4140971102490047183, guid: 58492805d4cee8140a8038180ac8233b,
        type: 3}
      propertyPath: m_LocalEulerAnglesHint.z
      value: 0.34300002
      objectReference: {fileID: 0}
    m_RemovedComponents: []
  m_SourcePrefab: {fileID: 100100000, guid: 58492805d4cee8140a8038180ac8233b, type: 3}
--- !u!1 &937430226
GameObject:
  m_ObjectHideFlags: 0
  m_CorrespondingSourceObject: {fileID: 0}
  m_PrefabInstance: {fileID: 0}
  m_PrefabAsset: {fileID: 0}
  serializedVersion: 6
  m_Component:
  - component: {fileID: 937430227}
  - component: {fileID: 937430230}
  - component: {fileID: 937430229}
  - component: {fileID: 937430228}
  m_Layer: 0
  m_Name: Gen_Floor_01_snaps002 (15)
  m_TagString: Untagged
  m_Icon: {fileID: 0}
  m_NavMeshLayer: 0
  m_StaticEditorFlags: 0
  m_IsActive: 1
--- !u!4 &937430227
Transform:
  m_ObjectHideFlags: 0
  m_CorrespondingSourceObject: {fileID: 0}
  m_PrefabInstance: {fileID: 0}
  m_PrefabAsset: {fileID: 0}
  m_GameObject: {fileID: 937430226}
  m_LocalRotation: {x: -0, y: -0, z: 9.4587435e-11, w: 1}
  m_LocalPosition: {x: 3, y: 0, z: -0}
  m_LocalScale: {x: 1, y: 1, z: 1}
  m_Children: []
  m_Father: {fileID: 4140971102482526058}
  m_RootOrder: 206
  m_LocalEulerAnglesHint: {x: -0.34500003, y: 89.938, z: 0.34300002}
--- !u!65 &937430228
BoxCollider:
  m_ObjectHideFlags: 0
  m_CorrespondingSourceObject: {fileID: 0}
  m_PrefabInstance: {fileID: 0}
  m_PrefabAsset: {fileID: 0}
  m_GameObject: {fileID: 937430226}
  m_Material: {fileID: 0}
  m_IsTrigger: 0
  m_Enabled: 1
  serializedVersion: 2
  m_Size: {x: 3, y: 0.125, z: 3}
  m_Center: {x: 1.5, y: -0.0625, z: 1.5}
--- !u!23 &937430229
MeshRenderer:
  m_ObjectHideFlags: 0
  m_CorrespondingSourceObject: {fileID: 0}
  m_PrefabInstance: {fileID: 0}
  m_PrefabAsset: {fileID: 0}
  m_GameObject: {fileID: 937430226}
  m_Enabled: 1
  m_CastShadows: 0
  m_ReceiveShadows: 1
  m_DynamicOccludee: 1
  m_MotionVectors: 1
  m_LightProbeUsage: 1
  m_ReflectionProbeUsage: 1
  m_RenderingLayerMask: 4294967295
  m_RendererPriority: 0
  m_Materials:
  - {fileID: 2100000, guid: fb1a97a59d65441a1ad7b31dfad6fba6, type: 2}
  - {fileID: 2100000, guid: 15cb6b096bb78c7479c93c6e26153387, type: 2}
  m_StaticBatchInfo:
    firstSubMesh: 0
    subMeshCount: 0
  m_StaticBatchRoot: {fileID: 0}
  m_ProbeAnchor: {fileID: 0}
  m_LightProbeVolumeOverride: {fileID: 0}
  m_ScaleInLightmap: 1
  m_ReceiveGI: 1
  m_PreserveUVs: 0
  m_IgnoreNormalsForChartDetection: 0
  m_ImportantGI: 0
  m_StitchLightmapSeams: 0
  m_SelectedEditorRenderState: 2
  m_MinimumChartSize: 4
  m_AutoUVMaxDistance: 0.5
  m_AutoUVMaxAngle: 89
  m_LightmapParameters: {fileID: 0}
  m_SortingLayerID: 0
  m_SortingLayer: 0
  m_SortingOrder: 0
--- !u!33 &937430230
MeshFilter:
  m_ObjectHideFlags: 0
  m_CorrespondingSourceObject: {fileID: 0}
  m_PrefabInstance: {fileID: 0}
  m_PrefabAsset: {fileID: 0}
  m_GameObject: {fileID: 937430226}
  m_Mesh: {fileID: 4300000, guid: 6dcda1e07f9da584bbba1a0870b33d14, type: 2}
--- !u!1001 &966893277
PrefabInstance:
  m_ObjectHideFlags: 0
  serializedVersion: 2
  m_Modification:
    m_TransformParent: {fileID: 4140971102482526058}
    m_Modifications:
    - target: {fileID: 4122421874772969221, guid: 58492805d4cee8140a8038180ac8233b,
        type: 3}
      propertyPath: m_Materials.Array.data[0]
      value: 
      objectReference: {fileID: 2100000, guid: b43e5571a9fe23946bf3070cdfceb1b0, type: 2}
    - target: {fileID: 4135187026563044747, guid: 58492805d4cee8140a8038180ac8233b,
        type: 3}
      propertyPath: m_Name
      value: Gen_Floor_01_snaps002 (222)
      objectReference: {fileID: 0}
    - target: {fileID: 4140971102490047183, guid: 58492805d4cee8140a8038180ac8233b,
        type: 3}
      propertyPath: m_LocalPosition.x
      value: 9.000009
      objectReference: {fileID: 0}
    - target: {fileID: 4140971102490047183, guid: 58492805d4cee8140a8038180ac8233b,
        type: 3}
      propertyPath: m_LocalPosition.y
      value: 0
      objectReference: {fileID: 0}
    - target: {fileID: 4140971102490047183, guid: 58492805d4cee8140a8038180ac8233b,
        type: 3}
      propertyPath: m_LocalPosition.z
      value: -54.000015
      objectReference: {fileID: 0}
    - target: {fileID: 4140971102490047183, guid: 58492805d4cee8140a8038180ac8233b,
        type: 3}
      propertyPath: m_LocalRotation.x
      value: -0
      objectReference: {fileID: 0}
    - target: {fileID: 4140971102490047183, guid: 58492805d4cee8140a8038180ac8233b,
        type: 3}
      propertyPath: m_LocalRotation.y
      value: -0
      objectReference: {fileID: 0}
    - target: {fileID: 4140971102490047183, guid: 58492805d4cee8140a8038180ac8233b,
        type: 3}
      propertyPath: m_LocalRotation.z
      value: 9.4587435e-11
      objectReference: {fileID: 0}
    - target: {fileID: 4140971102490047183, guid: 58492805d4cee8140a8038180ac8233b,
        type: 3}
      propertyPath: m_LocalRotation.w
      value: 1
      objectReference: {fileID: 0}
    - target: {fileID: 4140971102490047183, guid: 58492805d4cee8140a8038180ac8233b,
        type: 3}
      propertyPath: m_RootOrder
      value: 208
      objectReference: {fileID: 0}
    - target: {fileID: 4140971102490047183, guid: 58492805d4cee8140a8038180ac8233b,
        type: 3}
      propertyPath: m_LocalEulerAnglesHint.x
      value: -0.34500003
      objectReference: {fileID: 0}
    - target: {fileID: 4140971102490047183, guid: 58492805d4cee8140a8038180ac8233b,
        type: 3}
      propertyPath: m_LocalEulerAnglesHint.y
      value: 89.938
      objectReference: {fileID: 0}
    - target: {fileID: 4140971102490047183, guid: 58492805d4cee8140a8038180ac8233b,
        type: 3}
      propertyPath: m_LocalEulerAnglesHint.z
      value: 0.34300002
      objectReference: {fileID: 0}
    m_RemovedComponents: []
  m_SourcePrefab: {fileID: 100100000, guid: 58492805d4cee8140a8038180ac8233b, type: 3}
--- !u!4 &1050547644 stripped
Transform:
  m_CorrespondingSourceObject: {fileID: 2642343896774910300, guid: 86c6701ce16f2294bb77b10dda9f73be,
    type: 3}
  m_PrefabInstance: {fileID: 5563925557303867394}
  m_PrefabAsset: {fileID: 0}
--- !u!1001 &1160032164
PrefabInstance:
  m_ObjectHideFlags: 0
  serializedVersion: 2
  m_Modification:
    m_TransformParent: {fileID: 4140971102482526058}
    m_Modifications:
    - target: {fileID: 4122421874772969221, guid: 58492805d4cee8140a8038180ac8233b,
        type: 3}
      propertyPath: m_Materials.Array.data[0]
      value: 
      objectReference: {fileID: 2100000, guid: 4a11ac89ec3635a4b896556552983d54, type: 2}
    - target: {fileID: 4135187026563044747, guid: 58492805d4cee8140a8038180ac8233b,
        type: 3}
      propertyPath: m_Name
      value: Gen_Floor_01_snaps002 (219)
      objectReference: {fileID: 0}
    - target: {fileID: 4140971102490047183, guid: 58492805d4cee8140a8038180ac8233b,
        type: 3}
      propertyPath: m_LocalPosition.x
      value: -27.000008
      objectReference: {fileID: 0}
    - target: {fileID: 4140971102490047183, guid: 58492805d4cee8140a8038180ac8233b,
        type: 3}
      propertyPath: m_LocalPosition.y
      value: 0
      objectReference: {fileID: 0}
    - target: {fileID: 4140971102490047183, guid: 58492805d4cee8140a8038180ac8233b,
        type: 3}
      propertyPath: m_LocalPosition.z
      value: -9.000004
      objectReference: {fileID: 0}
    - target: {fileID: 4140971102490047183, guid: 58492805d4cee8140a8038180ac8233b,
        type: 3}
      propertyPath: m_LocalRotation.x
      value: -0
      objectReference: {fileID: 0}
    - target: {fileID: 4140971102490047183, guid: 58492805d4cee8140a8038180ac8233b,
        type: 3}
      propertyPath: m_LocalRotation.y
      value: -0
      objectReference: {fileID: 0}
    - target: {fileID: 4140971102490047183, guid: 58492805d4cee8140a8038180ac8233b,
        type: 3}
      propertyPath: m_LocalRotation.z
      value: 9.4587435e-11
      objectReference: {fileID: 0}
    - target: {fileID: 4140971102490047183, guid: 58492805d4cee8140a8038180ac8233b,
        type: 3}
      propertyPath: m_LocalRotation.w
      value: 1
      objectReference: {fileID: 0}
    - target: {fileID: 4140971102490047183, guid: 58492805d4cee8140a8038180ac8233b,
        type: 3}
      propertyPath: m_RootOrder
      value: 204
      objectReference: {fileID: 0}
    - target: {fileID: 4140971102490047183, guid: 58492805d4cee8140a8038180ac8233b,
        type: 3}
      propertyPath: m_LocalEulerAnglesHint.x
      value: -0.34500003
      objectReference: {fileID: 0}
    - target: {fileID: 4140971102490047183, guid: 58492805d4cee8140a8038180ac8233b,
        type: 3}
      propertyPath: m_LocalEulerAnglesHint.y
      value: 89.938
      objectReference: {fileID: 0}
    - target: {fileID: 4140971102490047183, guid: 58492805d4cee8140a8038180ac8233b,
        type: 3}
      propertyPath: m_LocalEulerAnglesHint.z
      value: 0.34300002
      objectReference: {fileID: 0}
    m_RemovedComponents: []
  m_SourcePrefab: {fileID: 100100000, guid: 58492805d4cee8140a8038180ac8233b, type: 3}
--- !u!1001 &1221320578
PrefabInstance:
  m_ObjectHideFlags: 0
  serializedVersion: 2
  m_Modification:
    m_TransformParent: {fileID: 4140971102482526058}
    m_Modifications:
    - target: {fileID: 4122421874772969221, guid: 58492805d4cee8140a8038180ac8233b,
        type: 3}
      propertyPath: m_Materials.Array.data[0]
      value: 
      objectReference: {fileID: 2100000, guid: b43e5571a9fe23946bf3070cdfceb1b0, type: 2}
    - target: {fileID: 4135187026563044747, guid: 58492805d4cee8140a8038180ac8233b,
        type: 3}
      propertyPath: m_Name
      value: Gen_Floor_01_snaps002 (223)
      objectReference: {fileID: 0}
    - target: {fileID: 4140971102490047183, guid: 58492805d4cee8140a8038180ac8233b,
        type: 3}
      propertyPath: m_LocalPosition.x
      value: 6.0000086
      objectReference: {fileID: 0}
    - target: {fileID: 4140971102490047183, guid: 58492805d4cee8140a8038180ac8233b,
        type: 3}
      propertyPath: m_LocalPosition.y
      value: 0
      objectReference: {fileID: 0}
    - target: {fileID: 4140971102490047183, guid: 58492805d4cee8140a8038180ac8233b,
        type: 3}
      propertyPath: m_LocalPosition.z
      value: -54.000015
      objectReference: {fileID: 0}
    - target: {fileID: 4140971102490047183, guid: 58492805d4cee8140a8038180ac8233b,
        type: 3}
      propertyPath: m_LocalRotation.x
      value: -0
      objectReference: {fileID: 0}
    - target: {fileID: 4140971102490047183, guid: 58492805d4cee8140a8038180ac8233b,
        type: 3}
      propertyPath: m_LocalRotation.y
      value: -0
      objectReference: {fileID: 0}
    - target: {fileID: 4140971102490047183, guid: 58492805d4cee8140a8038180ac8233b,
        type: 3}
      propertyPath: m_LocalRotation.z
      value: 9.4587435e-11
      objectReference: {fileID: 0}
    - target: {fileID: 4140971102490047183, guid: 58492805d4cee8140a8038180ac8233b,
        type: 3}
      propertyPath: m_LocalRotation.w
      value: 1
      objectReference: {fileID: 0}
    - target: {fileID: 4140971102490047183, guid: 58492805d4cee8140a8038180ac8233b,
        type: 3}
      propertyPath: m_RootOrder
      value: 209
      objectReference: {fileID: 0}
    - target: {fileID: 4140971102490047183, guid: 58492805d4cee8140a8038180ac8233b,
        type: 3}
      propertyPath: m_LocalEulerAnglesHint.x
      value: -0.34500003
      objectReference: {fileID: 0}
    - target: {fileID: 4140971102490047183, guid: 58492805d4cee8140a8038180ac8233b,
        type: 3}
      propertyPath: m_LocalEulerAnglesHint.y
      value: 89.938
      objectReference: {fileID: 0}
    - target: {fileID: 4140971102490047183, guid: 58492805d4cee8140a8038180ac8233b,
        type: 3}
      propertyPath: m_LocalEulerAnglesHint.z
      value: 0.34300002
      objectReference: {fileID: 0}
    m_RemovedComponents: []
  m_SourcePrefab: {fileID: 100100000, guid: 58492805d4cee8140a8038180ac8233b, type: 3}
--- !u!1001 &1223099764
PrefabInstance:
  m_ObjectHideFlags: 0
  serializedVersion: 2
  m_Modification:
    m_TransformParent: {fileID: 0}
    m_Modifications:
    - target: {fileID: 1434627103891488, guid: 52d340ed9c2714c4f8aabf1f82df1b58, type: 3}
      propertyPath: m_Name
      value: Magic fire pro yellow
      objectReference: {fileID: 0}
    - target: {fileID: 4368491947231596, guid: 52d340ed9c2714c4f8aabf1f82df1b58, type: 3}
      propertyPath: m_LocalPosition.x
      value: 27.447742
      objectReference: {fileID: 0}
    - target: {fileID: 4368491947231596, guid: 52d340ed9c2714c4f8aabf1f82df1b58, type: 3}
      propertyPath: m_LocalPosition.y
      value: 25.25
      objectReference: {fileID: 0}
    - target: {fileID: 4368491947231596, guid: 52d340ed9c2714c4f8aabf1f82df1b58, type: 3}
      propertyPath: m_LocalPosition.z
      value: 49.25
      objectReference: {fileID: 0}
    - target: {fileID: 4368491947231596, guid: 52d340ed9c2714c4f8aabf1f82df1b58, type: 3}
      propertyPath: m_LocalRotation.x
      value: -0
      objectReference: {fileID: 0}
    - target: {fileID: 4368491947231596, guid: 52d340ed9c2714c4f8aabf1f82df1b58, type: 3}
      propertyPath: m_LocalRotation.y
      value: -0
      objectReference: {fileID: 0}
    - target: {fileID: 4368491947231596, guid: 52d340ed9c2714c4f8aabf1f82df1b58, type: 3}
      propertyPath: m_LocalRotation.z
      value: -0
      objectReference: {fileID: 0}
    - target: {fileID: 4368491947231596, guid: 52d340ed9c2714c4f8aabf1f82df1b58, type: 3}
      propertyPath: m_LocalRotation.w
      value: 1
      objectReference: {fileID: 0}
    - target: {fileID: 4368491947231596, guid: 52d340ed9c2714c4f8aabf1f82df1b58, type: 3}
      propertyPath: m_RootOrder
      value: 3
      objectReference: {fileID: 0}
    - target: {fileID: 4368491947231596, guid: 52d340ed9c2714c4f8aabf1f82df1b58, type: 3}
      propertyPath: m_LocalEulerAnglesHint.x
      value: -90
      objectReference: {fileID: 0}
    - target: {fileID: 4368491947231596, guid: 52d340ed9c2714c4f8aabf1f82df1b58, type: 3}
      propertyPath: m_LocalEulerAnglesHint.y
      value: 0
      objectReference: {fileID: 0}
    - target: {fileID: 4368491947231596, guid: 52d340ed9c2714c4f8aabf1f82df1b58, type: 3}
      propertyPath: m_LocalEulerAnglesHint.z
      value: 0
      objectReference: {fileID: 0}
    m_RemovedComponents: []
  m_SourcePrefab: {fileID: 100100000, guid: 52d340ed9c2714c4f8aabf1f82df1b58, type: 3}
--- !u!1001 &1344368895
PrefabInstance:
  m_ObjectHideFlags: 0
  serializedVersion: 2
  m_Modification:
    m_TransformParent: {fileID: 0}
    m_Modifications:
    - target: {fileID: 7288565741595708481, guid: 3ee052ac37f907e4295426f0b0937650,
        type: 3}
      propertyPath: m_Materials.Array.data[0]
      value: 
      objectReference: {fileID: 2100000, guid: f6acf520cc3bc374dbffd256f175bd4d, type: 2}
    - target: {fileID: 7288565741595708482, guid: 3ee052ac37f907e4295426f0b0937650,
        type: 3}
      propertyPath: m_Name
      value: Cube
      objectReference: {fileID: 0}
    - target: {fileID: 7288565741595708511, guid: 3ee052ac37f907e4295426f0b0937650,
        type: 3}
      propertyPath: m_LocalPosition.x
      value: -53.649
      objectReference: {fileID: 0}
    - target: {fileID: 7288565741595708511, guid: 3ee052ac37f907e4295426f0b0937650,
        type: 3}
      propertyPath: m_LocalPosition.y
      value: 25.75395
      objectReference: {fileID: 0}
    - target: {fileID: 7288565741595708511, guid: 3ee052ac37f907e4295426f0b0937650,
        type: 3}
      propertyPath: m_LocalPosition.z
      value: 4.525
      objectReference: {fileID: 0}
    - target: {fileID: 7288565741595708511, guid: 3ee052ac37f907e4295426f0b0937650,
        type: 3}
      propertyPath: m_LocalRotation.x
      value: 0
      objectReference: {fileID: 0}
    - target: {fileID: 7288565741595708511, guid: 3ee052ac37f907e4295426f0b0937650,
        type: 3}
      propertyPath: m_LocalRotation.y
      value: 0
      objectReference: {fileID: 0}
    - target: {fileID: 7288565741595708511, guid: 3ee052ac37f907e4295426f0b0937650,
        type: 3}
      propertyPath: m_LocalRotation.z
      value: 0
      objectReference: {fileID: 0}
    - target: {fileID: 7288565741595708511, guid: 3ee052ac37f907e4295426f0b0937650,
        type: 3}
      propertyPath: m_LocalRotation.w
      value: 1
      objectReference: {fileID: 0}
    - target: {fileID: 7288565741595708511, guid: 3ee052ac37f907e4295426f0b0937650,
        type: 3}
      propertyPath: m_RootOrder
      value: 4
      objectReference: {fileID: 0}
    - target: {fileID: 7288565741595708511, guid: 3ee052ac37f907e4295426f0b0937650,
        type: 3}
      propertyPath: m_LocalEulerAnglesHint.x
      value: 0
      objectReference: {fileID: 0}
    - target: {fileID: 7288565741595708511, guid: 3ee052ac37f907e4295426f0b0937650,
        type: 3}
      propertyPath: m_LocalEulerAnglesHint.y
      value: 0
      objectReference: {fileID: 0}
    - target: {fileID: 7288565741595708511, guid: 3ee052ac37f907e4295426f0b0937650,
        type: 3}
      propertyPath: m_LocalEulerAnglesHint.z
      value: 0
      objectReference: {fileID: 0}
    m_RemovedComponents: []
  m_SourcePrefab: {fileID: 100100000, guid: 3ee052ac37f907e4295426f0b0937650, type: 3}
--- !u!1001 &1836220578
PrefabInstance:
  m_ObjectHideFlags: 0
  serializedVersion: 2
  m_Modification:
    m_TransformParent: {fileID: 4140971102482526058}
    m_Modifications:
    - target: {fileID: 4122421874772969221, guid: 58492805d4cee8140a8038180ac8233b,
        type: 3}
      propertyPath: m_Materials.Array.data[0]
      value: 
      objectReference: {fileID: 2100000, guid: 4a11ac89ec3635a4b896556552983d54, type: 2}
    - target: {fileID: 4135187026563044747, guid: 58492805d4cee8140a8038180ac8233b,
        type: 3}
      propertyPath: m_Name
      value: Gen_Floor_01_snaps002 (220)
      objectReference: {fileID: 0}
    - target: {fileID: 4140971102490047183, guid: 58492805d4cee8140a8038180ac8233b,
        type: 3}
      propertyPath: m_LocalPosition.x
      value: -27.000008
      objectReference: {fileID: 0}
    - target: {fileID: 4140971102490047183, guid: 58492805d4cee8140a8038180ac8233b,
        type: 3}
      propertyPath: m_LocalPosition.y
      value: 0
      objectReference: {fileID: 0}
    - target: {fileID: 4140971102490047183, guid: 58492805d4cee8140a8038180ac8233b,
        type: 3}
      propertyPath: m_LocalPosition.z
      value: -6.000004
      objectReference: {fileID: 0}
    - target: {fileID: 4140971102490047183, guid: 58492805d4cee8140a8038180ac8233b,
        type: 3}
      propertyPath: m_LocalRotation.x
      value: -0
      objectReference: {fileID: 0}
    - target: {fileID: 4140971102490047183, guid: 58492805d4cee8140a8038180ac8233b,
        type: 3}
      propertyPath: m_LocalRotation.y
      value: -0
      objectReference: {fileID: 0}
    - target: {fileID: 4140971102490047183, guid: 58492805d4cee8140a8038180ac8233b,
        type: 3}
      propertyPath: m_LocalRotation.z
      value: 9.4587435e-11
      objectReference: {fileID: 0}
    - target: {fileID: 4140971102490047183, guid: 58492805d4cee8140a8038180ac8233b,
        type: 3}
      propertyPath: m_LocalRotation.w
      value: 1
      objectReference: {fileID: 0}
    - target: {fileID: 4140971102490047183, guid: 58492805d4cee8140a8038180ac8233b,
        type: 3}
      propertyPath: m_RootOrder
      value: 205
      objectReference: {fileID: 0}
    - target: {fileID: 4140971102490047183, guid: 58492805d4cee8140a8038180ac8233b,
        type: 3}
      propertyPath: m_LocalEulerAnglesHint.x
      value: -0.34500003
      objectReference: {fileID: 0}
    - target: {fileID: 4140971102490047183, guid: 58492805d4cee8140a8038180ac8233b,
        type: 3}
      propertyPath: m_LocalEulerAnglesHint.y
      value: 89.938
      objectReference: {fileID: 0}
    - target: {fileID: 4140971102490047183, guid: 58492805d4cee8140a8038180ac8233b,
        type: 3}
      propertyPath: m_LocalEulerAnglesHint.z
      value: 0.34300002
      objectReference: {fileID: 0}
    m_RemovedComponents: []
  m_SourcePrefab: {fileID: 100100000, guid: 58492805d4cee8140a8038180ac8233b, type: 3}
--- !u!1001 &2041466457
PrefabInstance:
  m_ObjectHideFlags: 0
  serializedVersion: 2
  m_Modification:
    m_TransformParent: {fileID: 4140971102482526058}
    m_Modifications:
    - target: {fileID: 4122421874772969221, guid: 58492805d4cee8140a8038180ac8233b,
        type: 3}
      propertyPath: m_Materials.Array.data[0]
      value: 
      objectReference: {fileID: 2100000, guid: b43e5571a9fe23946bf3070cdfceb1b0, type: 2}
    - target: {fileID: 4135187026563044747, guid: 58492805d4cee8140a8038180ac8233b,
        type: 3}
      propertyPath: m_Name
      value: Gen_Floor_01_snaps002 (221)
      objectReference: {fileID: 0}
    - target: {fileID: 4140971102490047183, guid: 58492805d4cee8140a8038180ac8233b,
        type: 3}
      propertyPath: m_LocalPosition.x
      value: 12.00001
      objectReference: {fileID: 0}
    - target: {fileID: 4140971102490047183, guid: 58492805d4cee8140a8038180ac8233b,
        type: 3}
      propertyPath: m_LocalPosition.y
      value: 0
      objectReference: {fileID: 0}
    - target: {fileID: 4140971102490047183, guid: 58492805d4cee8140a8038180ac8233b,
        type: 3}
      propertyPath: m_LocalPosition.z
      value: -54.000015
      objectReference: {fileID: 0}
    - target: {fileID: 4140971102490047183, guid: 58492805d4cee8140a8038180ac8233b,
        type: 3}
      propertyPath: m_LocalRotation.x
      value: -0
      objectReference: {fileID: 0}
    - target: {fileID: 4140971102490047183, guid: 58492805d4cee8140a8038180ac8233b,
        type: 3}
      propertyPath: m_LocalRotation.y
      value: -0
      objectReference: {fileID: 0}
    - target: {fileID: 4140971102490047183, guid: 58492805d4cee8140a8038180ac8233b,
        type: 3}
      propertyPath: m_LocalRotation.z
      value: 9.4587435e-11
      objectReference: {fileID: 0}
    - target: {fileID: 4140971102490047183, guid: 58492805d4cee8140a8038180ac8233b,
        type: 3}
      propertyPath: m_LocalRotation.w
      value: 1
      objectReference: {fileID: 0}
    - target: {fileID: 4140971102490047183, guid: 58492805d4cee8140a8038180ac8233b,
        type: 3}
      propertyPath: m_RootOrder
      value: 207
      objectReference: {fileID: 0}
    - target: {fileID: 4140971102490047183, guid: 58492805d4cee8140a8038180ac8233b,
        type: 3}
      propertyPath: m_LocalEulerAnglesHint.x
      value: -0.34500003
      objectReference: {fileID: 0}
    - target: {fileID: 4140971102490047183, guid: 58492805d4cee8140a8038180ac8233b,
        type: 3}
      propertyPath: m_LocalEulerAnglesHint.y
      value: 89.938
      objectReference: {fileID: 0}
    - target: {fileID: 4140971102490047183, guid: 58492805d4cee8140a8038180ac8233b,
        type: 3}
      propertyPath: m_LocalEulerAnglesHint.z
      value: 0.34300002
      objectReference: {fileID: 0}
    m_RemovedComponents: []
  m_SourcePrefab: {fileID: 100100000, guid: 58492805d4cee8140a8038180ac8233b, type: 3}
--- !u!1001 &187441571236475562
PrefabInstance:
  m_ObjectHideFlags: 0
  serializedVersion: 2
  m_Modification:
    m_TransformParent: {fileID: 0}
    m_Modifications:
    - target: {fileID: 187441570754474172, guid: 90da8238c2fc2654e842b30ef864bc89,
        type: 3}
      propertyPath: m_Name
      value: Gen_Floor_01_snaps002 (33)
      objectReference: {fileID: 0}
    - target: {fileID: 187441570975254788, guid: 90da8238c2fc2654e842b30ef864bc89,
        type: 3}
      propertyPath: m_Materials.Array.data[0]
      value: 
      objectReference: {fileID: 2100000, guid: 4a11ac89ec3635a4b896556552983d54, type: 2}
    - target: {fileID: 187441570975254790, guid: 90da8238c2fc2654e842b30ef864bc89,
        type: 3}
      propertyPath: m_LocalPosition.x
      value: -27.000008
      objectReference: {fileID: 0}
    - target: {fileID: 187441570975254790, guid: 90da8238c2fc2654e842b30ef864bc89,
        type: 3}
      propertyPath: m_LocalPosition.z
      value: 24.000004
      objectReference: {fileID: 0}
    - target: {fileID: 187441571166614899, guid: 90da8238c2fc2654e842b30ef864bc89,
        type: 3}
      propertyPath: m_Materials.Array.data[0]
      value: 
      objectReference: {fileID: 2100000, guid: 4a11ac89ec3635a4b896556552983d54, type: 2}
    - target: {fileID: 187441571228254325, guid: 90da8238c2fc2654e842b30ef864bc89,
        type: 3}
      propertyPath: m_Materials.Array.data[0]
      value: 
      objectReference: {fileID: 2100000, guid: 4a11ac89ec3635a4b896556552983d54, type: 2}
    - target: {fileID: 187441571364115240, guid: 90da8238c2fc2654e842b30ef864bc89,
        type: 3}
      propertyPath: m_Materials.Array.data[0]
      value: 
      objectReference: {fileID: 2100000, guid: 4a11ac89ec3635a4b896556552983d54, type: 2}
    - target: {fileID: 187441571364115242, guid: 90da8238c2fc2654e842b30ef864bc89,
        type: 3}
      propertyPath: m_LocalPosition.x
      value: -27.000008
      objectReference: {fileID: 0}
    - target: {fileID: 187441571364115242, guid: 90da8238c2fc2654e842b30ef864bc89,
        type: 3}
      propertyPath: m_LocalPosition.z
      value: 30.000004
      objectReference: {fileID: 0}
    - target: {fileID: 187441571387519106, guid: 90da8238c2fc2654e842b30ef864bc89,
        type: 3}
      propertyPath: m_Materials.Array.data[0]
      value: 
      objectReference: {fileID: 2100000, guid: 4a11ac89ec3635a4b896556552983d54, type: 2}
    - target: {fileID: 187441571558677571, guid: 90da8238c2fc2654e842b30ef864bc89,
        type: 3}
      propertyPath: m_Materials.Array.data[0]
      value: 
      objectReference: {fileID: 2100000, guid: 4a11ac89ec3635a4b896556552983d54, type: 2}
    - target: {fileID: 187441571558677581, guid: 90da8238c2fc2654e842b30ef864bc89,
        type: 3}
      propertyPath: m_LocalPosition.x
      value: -27.000008
      objectReference: {fileID: 0}
    - target: {fileID: 187441571558677581, guid: 90da8238c2fc2654e842b30ef864bc89,
        type: 3}
      propertyPath: m_LocalPosition.z
      value: 36
      objectReference: {fileID: 0}
    - target: {fileID: 187441571614429612, guid: 90da8238c2fc2654e842b30ef864bc89,
        type: 3}
      propertyPath: m_Materials.Array.data[0]
      value: 
      objectReference: {fileID: 2100000, guid: 4a11ac89ec3635a4b896556552983d54, type: 2}
    - target: {fileID: 187441571614429614, guid: 90da8238c2fc2654e842b30ef864bc89,
        type: 3}
      propertyPath: m_LocalPosition.x
      value: -27.000008
      objectReference: {fileID: 0}
    - target: {fileID: 187441571614429614, guid: 90da8238c2fc2654e842b30ef864bc89,
        type: 3}
      propertyPath: m_LocalPosition.z
      value: 8.999996
      objectReference: {fileID: 0}
    - target: {fileID: 187441571646889128, guid: 90da8238c2fc2654e842b30ef864bc89,
        type: 3}
      propertyPath: m_Materials.Array.data[0]
      value: 
      objectReference: {fileID: 2100000, guid: 4a11ac89ec3635a4b896556552983d54, type: 2}
    - target: {fileID: 187441571646889130, guid: 90da8238c2fc2654e842b30ef864bc89,
        type: 3}
      propertyPath: m_LocalPosition.x
      value: -27.00001
      objectReference: {fileID: 0}
    - target: {fileID: 187441571646889130, guid: 90da8238c2fc2654e842b30ef864bc89,
        type: 3}
      propertyPath: m_LocalPosition.z
      value: 12
      objectReference: {fileID: 0}
    - target: {fileID: 187441571737840552, guid: 90da8238c2fc2654e842b30ef864bc89,
        type: 3}
      propertyPath: m_Materials.Array.data[0]
      value: 
      objectReference: {fileID: 2100000, guid: 4a11ac89ec3635a4b896556552983d54, type: 2}
    - target: {fileID: 187441571986236809, guid: 90da8238c2fc2654e842b30ef864bc89,
        type: 3}
      propertyPath: m_LocalPosition.x
      value: -27.000008
      objectReference: {fileID: 0}
    - target: {fileID: 187441571986236809, guid: 90da8238c2fc2654e842b30ef864bc89,
        type: 3}
      propertyPath: m_LocalPosition.z
      value: 33
      objectReference: {fileID: 0}
    - target: {fileID: 187441571986236815, guid: 90da8238c2fc2654e842b30ef864bc89,
        type: 3}
      propertyPath: m_Materials.Array.data[0]
      value: 
      objectReference: {fileID: 2100000, guid: 4a11ac89ec3635a4b896556552983d54, type: 2}
    - target: {fileID: 187441572021447625, guid: 90da8238c2fc2654e842b30ef864bc89,
        type: 3}
      propertyPath: m_Materials.Array.data[0]
      value: 
      objectReference: {fileID: 2100000, guid: 4a11ac89ec3635a4b896556552983d54, type: 2}
    - target: {fileID: 187441572021447627, guid: 90da8238c2fc2654e842b30ef864bc89,
        type: 3}
      propertyPath: m_LocalPosition.x
      value: -27.000011
      objectReference: {fileID: 0}
    - target: {fileID: 187441572021447627, guid: 90da8238c2fc2654e842b30ef864bc89,
        type: 3}
      propertyPath: m_LocalPosition.z
      value: 48.00001
      objectReference: {fileID: 0}
    - target: {fileID: 187441572043558444, guid: 90da8238c2fc2654e842b30ef864bc89,
        type: 3}
      propertyPath: m_Materials.Array.data[0]
      value: 
      objectReference: {fileID: 2100000, guid: 4a11ac89ec3635a4b896556552983d54, type: 2}
    - target: {fileID: 187441572124808161, guid: 90da8238c2fc2654e842b30ef864bc89,
        type: 3}
      propertyPath: m_LocalPosition.x
      value: -27.00001
      objectReference: {fileID: 0}
    - target: {fileID: 187441572124808161, guid: 90da8238c2fc2654e842b30ef864bc89,
        type: 3}
      propertyPath: m_LocalPosition.z
      value: 18
      objectReference: {fileID: 0}
    - target: {fileID: 187441572124808167, guid: 90da8238c2fc2654e842b30ef864bc89,
        type: 3}
      propertyPath: m_Materials.Array.data[0]
      value: 
      objectReference: {fileID: 2100000, guid: 4a11ac89ec3635a4b896556552983d54, type: 2}
    - target: {fileID: 187441572242444977, guid: 90da8238c2fc2654e842b30ef864bc89,
        type: 3}
      propertyPath: m_LocalPosition.x
      value: -27.000004
      objectReference: {fileID: 0}
    - target: {fileID: 187441572242444977, guid: 90da8238c2fc2654e842b30ef864bc89,
        type: 3}
      propertyPath: m_LocalPosition.z
      value: 5.999996
      objectReference: {fileID: 0}
    - target: {fileID: 187441572242444983, guid: 90da8238c2fc2654e842b30ef864bc89,
        type: 3}
      propertyPath: m_Materials.Array.data[0]
      value: 
      objectReference: {fileID: 2100000, guid: 4a11ac89ec3635a4b896556552983d54, type: 2}
    - target: {fileID: 187441572367085033, guid: 90da8238c2fc2654e842b30ef864bc89,
        type: 3}
      propertyPath: m_Materials.Array.data[0]
      value: 
      objectReference: {fileID: 2100000, guid: 4a11ac89ec3635a4b896556552983d54, type: 2}
    - target: {fileID: 187441572525677898, guid: 90da8238c2fc2654e842b30ef864bc89,
        type: 3}
      propertyPath: m_Materials.Array.data[0]
      value: 
      objectReference: {fileID: 2100000, guid: 4a11ac89ec3635a4b896556552983d54, type: 2}
    - target: {fileID: 187441572525677940, guid: 90da8238c2fc2654e842b30ef864bc89,
        type: 3}
      propertyPath: m_LocalPosition.x
      value: -27.00001
      objectReference: {fileID: 0}
    - target: {fileID: 187441572525677940, guid: 90da8238c2fc2654e842b30ef864bc89,
        type: 3}
      propertyPath: m_LocalPosition.z
      value: 21
      objectReference: {fileID: 0}
    - target: {fileID: 187441572552924700, guid: 90da8238c2fc2654e842b30ef864bc89,
        type: 3}
      propertyPath: m_Materials.Array.data[0]
      value: 
      objectReference: {fileID: 2100000, guid: 4a11ac89ec3635a4b896556552983d54, type: 2}
    - target: {fileID: 187441572552924702, guid: 90da8238c2fc2654e842b30ef864bc89,
        type: 3}
      propertyPath: m_LocalPosition.x
      value: -27.00001
      objectReference: {fileID: 0}
    - target: {fileID: 187441572552924702, guid: 90da8238c2fc2654e842b30ef864bc89,
        type: 3}
      propertyPath: m_LocalPosition.z
      value: 15
      objectReference: {fileID: 0}
    - target: {fileID: 4299853281181802026, guid: 90da8238c2fc2654e842b30ef864bc89,
        type: 3}
      propertyPath: m_Materials.Array.data[0]
      value: 
      objectReference: {fileID: 2100000, guid: 2be9fb9bcea91e7419d90800fabf8e0d, type: 2}
    - target: {fileID: 4299853281313487369, guid: 90da8238c2fc2654e842b30ef864bc89,
        type: 3}
      propertyPath: m_Materials.Array.data[0]
      value: 
      objectReference: {fileID: 2100000, guid: 2be9fb9bcea91e7419d90800fabf8e0d, type: 2}
    - target: {fileID: 4299853281762427518, guid: 90da8238c2fc2654e842b30ef864bc89,
        type: 3}
      propertyPath: m_Materials.Array.data[0]
      value: 
      objectReference: {fileID: 2100000, guid: 4a11ac89ec3635a4b896556552983d54, type: 2}
    - target: {fileID: 4299853281906870852, guid: 90da8238c2fc2654e842b30ef864bc89,
        type: 3}
      propertyPath: m_Materials.Array.data[0]
      value: 
      objectReference: {fileID: 2100000, guid: 4a11ac89ec3635a4b896556552983d54, type: 2}
    - target: {fileID: 4299853282127370152, guid: 90da8238c2fc2654e842b30ef864bc89,
        type: 3}
      propertyPath: m_Materials.Array.data[0]
      value: 
      objectReference: {fileID: 2100000, guid: 2be9fb9bcea91e7419d90800fabf8e0d, type: 2}
    - target: {fileID: 4299853282325936068, guid: 90da8238c2fc2654e842b30ef864bc89,
        type: 3}
      propertyPath: m_Materials.Array.data[0]
      value: 
      objectReference: {fileID: 2100000, guid: 2be9fb9bcea91e7419d90800fabf8e0d, type: 2}
    - target: {fileID: 4299853282431320591, guid: 90da8238c2fc2654e842b30ef864bc89,
        type: 3}
      propertyPath: m_Materials.Array.data[0]
      value: 
      objectReference: {fileID: 2100000, guid: 4a11ac89ec3635a4b896556552983d54, type: 2}
    - target: {fileID: 4299853282719018180, guid: 90da8238c2fc2654e842b30ef864bc89,
        type: 3}
      propertyPath: m_Materials.Array.data[0]
      value: 
      objectReference: {fileID: 2100000, guid: 2be9fb9bcea91e7419d90800fabf8e0d, type: 2}
    - target: {fileID: 4318462049308908992, guid: 90da8238c2fc2654e842b30ef864bc89,
        type: 3}
      propertyPath: m_LocalPosition.x
      value: -1
      objectReference: {fileID: 0}
    - target: {fileID: 4318462049308908992, guid: 90da8238c2fc2654e842b30ef864bc89,
        type: 3}
      propertyPath: m_LocalPosition.y
      value: 25
      objectReference: {fileID: 0}
    - target: {fileID: 4318462049308908992, guid: 90da8238c2fc2654e842b30ef864bc89,
        type: 3}
      propertyPath: m_LocalPosition.z
      value: 33
      objectReference: {fileID: 0}
    - target: {fileID: 4318462049308908992, guid: 90da8238c2fc2654e842b30ef864bc89,
        type: 3}
      propertyPath: m_LocalRotation.x
      value: 0
      objectReference: {fileID: 0}
    - target: {fileID: 4318462049308908992, guid: 90da8238c2fc2654e842b30ef864bc89,
        type: 3}
      propertyPath: m_LocalRotation.y
      value: 0.7071068
      objectReference: {fileID: 0}
    - target: {fileID: 4318462049308908992, guid: 90da8238c2fc2654e842b30ef864bc89,
        type: 3}
      propertyPath: m_LocalRotation.z
      value: 0
      objectReference: {fileID: 0}
    - target: {fileID: 4318462049308908992, guid: 90da8238c2fc2654e842b30ef864bc89,
        type: 3}
      propertyPath: m_LocalRotation.w
      value: 0.7071068
      objectReference: {fileID: 0}
    - target: {fileID: 4318462049308908992, guid: 90da8238c2fc2654e842b30ef864bc89,
        type: 3}
      propertyPath: m_RootOrder
      value: 7
      objectReference: {fileID: 0}
    - target: {fileID: 4318462049308908992, guid: 90da8238c2fc2654e842b30ef864bc89,
        type: 3}
      propertyPath: m_LocalEulerAnglesHint.x
      value: 0
      objectReference: {fileID: 0}
    - target: {fileID: 4318462049308908992, guid: 90da8238c2fc2654e842b30ef864bc89,
        type: 3}
      propertyPath: m_LocalEulerAnglesHint.y
      value: 90
      objectReference: {fileID: 0}
    - target: {fileID: 4318462049308908992, guid: 90da8238c2fc2654e842b30ef864bc89,
        type: 3}
      propertyPath: m_LocalEulerAnglesHint.z
      value: 0
      objectReference: {fileID: 0}
    - target: {fileID: 4318462049624404996, guid: 90da8238c2fc2654e842b30ef864bc89,
        type: 3}
      propertyPath: m_LocalPosition.z
      value: 36
      objectReference: {fileID: 0}
    - target: {fileID: 4318462049997073376, guid: 90da8238c2fc2654e842b30ef864bc89,
        type: 3}
      propertyPath: m_LocalPosition.z
      value: -24.000011
      objectReference: {fileID: 0}
    - target: {fileID: 4318462049997073376, guid: 90da8238c2fc2654e842b30ef864bc89,
        type: 3}
      propertyPath: m_LocalPosition.x
      value: -30.000008
      objectReference: {fileID: 0}
    - target: {fileID: 4318462050160070595, guid: 90da8238c2fc2654e842b30ef864bc89,
        type: 3}
      propertyPath: m_LocalPosition.z
      value: -27.000011
      objectReference: {fileID: 0}
    - target: {fileID: 4318462050160070595, guid: 90da8238c2fc2654e842b30ef864bc89,
        type: 3}
      propertyPath: m_LocalPosition.x
      value: -24.000008
      objectReference: {fileID: 0}
    - target: {fileID: 4318462050498287886, guid: 90da8238c2fc2654e842b30ef864bc89,
        type: 3}
      propertyPath: m_LocalPosition.z
      value: -30.000011
      objectReference: {fileID: 0}
    - target: {fileID: 4318462050498287886, guid: 90da8238c2fc2654e842b30ef864bc89,
        type: 3}
      propertyPath: m_LocalPosition.x
      value: -24.000008
      objectReference: {fileID: 0}
    - target: {fileID: 4318462050940019298, guid: 90da8238c2fc2654e842b30ef864bc89,
        type: 3}
      propertyPath: m_LocalPosition.z
      value: -24.000011
      objectReference: {fileID: 0}
    - target: {fileID: 4318462050940019298, guid: 90da8238c2fc2654e842b30ef864bc89,
        type: 3}
      propertyPath: m_LocalPosition.x
      value: -24.000008
      objectReference: {fileID: 0}
    - target: {fileID: 4318462051143025166, guid: 90da8238c2fc2654e842b30ef864bc89,
        type: 3}
      propertyPath: m_LocalPosition.z
      value: -24.000011
      objectReference: {fileID: 0}
    - target: {fileID: 4318462051143025166, guid: 90da8238c2fc2654e842b30ef864bc89,
        type: 3}
      propertyPath: m_LocalPosition.x
      value: -27.000008
      objectReference: {fileID: 0}
    - target: {fileID: 4991936850100886310, guid: 90da8238c2fc2654e842b30ef864bc89,
        type: 3}
      propertyPath: m_RootOrder
      value: 207
      objectReference: {fileID: 0}
    m_RemovedComponents: []
  m_SourcePrefab: {fileID: 100100000, guid: 90da8238c2fc2654e842b30ef864bc89, type: 3}
--- !u!1001 &580045450052571060
PrefabInstance:
  m_ObjectHideFlags: 0
  serializedVersion: 2
  m_Modification:
    m_TransformParent: {fileID: 0}
    m_Modifications:
    - target: {fileID: 580045448911484336, guid: d76874f8f9e6ef94f82fab71cf5a03e0,
        type: 3}
      propertyPath: m_LocalPosition.x
      value: 27.62
      objectReference: {fileID: 0}
    - target: {fileID: 580045448911484336, guid: d76874f8f9e6ef94f82fab71cf5a03e0,
        type: 3}
      propertyPath: m_LocalPosition.y
      value: 27
      objectReference: {fileID: 0}
    - target: {fileID: 580045448911484336, guid: d76874f8f9e6ef94f82fab71cf5a03e0,
        type: 3}
      propertyPath: m_LocalPosition.z
      value: 46
      objectReference: {fileID: 0}
    - target: {fileID: 580045448911484336, guid: d76874f8f9e6ef94f82fab71cf5a03e0,
        type: 3}
      propertyPath: m_LocalRotation.x
      value: 0
      objectReference: {fileID: 0}
    - target: {fileID: 580045448911484336, guid: d76874f8f9e6ef94f82fab71cf5a03e0,
        type: 3}
      propertyPath: m_LocalRotation.y
      value: 0
      objectReference: {fileID: 0}
    - target: {fileID: 580045448911484336, guid: d76874f8f9e6ef94f82fab71cf5a03e0,
        type: 3}
      propertyPath: m_LocalRotation.z
      value: 0
      objectReference: {fileID: 0}
    - target: {fileID: 580045448911484336, guid: d76874f8f9e6ef94f82fab71cf5a03e0,
        type: 3}
      propertyPath: m_LocalRotation.w
      value: 1
      objectReference: {fileID: 0}
    - target: {fileID: 580045448911484336, guid: d76874f8f9e6ef94f82fab71cf5a03e0,
        type: 3}
      propertyPath: m_RootOrder
      value: 9
      objectReference: {fileID: 0}
    - target: {fileID: 580045448911484336, guid: d76874f8f9e6ef94f82fab71cf5a03e0,
        type: 3}
      propertyPath: m_LocalEulerAnglesHint.x
      value: 0
      objectReference: {fileID: 0}
    - target: {fileID: 580045448911484336, guid: d76874f8f9e6ef94f82fab71cf5a03e0,
        type: 3}
      propertyPath: m_LocalEulerAnglesHint.y
      value: 0
      objectReference: {fileID: 0}
    - target: {fileID: 580045448911484336, guid: d76874f8f9e6ef94f82fab71cf5a03e0,
        type: 3}
      propertyPath: m_LocalEulerAnglesHint.z
      value: 0
      objectReference: {fileID: 0}
    - target: {fileID: 580045448911484343, guid: d76874f8f9e6ef94f82fab71cf5a03e0,
        type: 3}
      propertyPath: m_Name
      value: GameObject
      objectReference: {fileID: 0}
    m_RemovedComponents: []
  m_SourcePrefab: {fileID: 100100000, guid: d76874f8f9e6ef94f82fab71cf5a03e0, type: 3}
--- !u!1001 &2808141635333113458
PrefabInstance:
  m_ObjectHideFlags: 0
  serializedVersion: 2
  m_Modification:
    m_TransformParent: {fileID: 0}
    m_Modifications:
    - target: {fileID: 2808141633591649396, guid: 995ee625da4a96e4f87564bf005e4e3e,
        type: 3}
      propertyPath: m_LocalPosition.x
      value: 0
      objectReference: {fileID: 0}
    - target: {fileID: 2808141633591649396, guid: 995ee625da4a96e4f87564bf005e4e3e,
        type: 3}
      propertyPath: m_LocalPosition.y
      value: 3
      objectReference: {fileID: 0}
    - target: {fileID: 2808141633591649396, guid: 995ee625da4a96e4f87564bf005e4e3e,
        type: 3}
      propertyPath: m_LocalPosition.z
      value: 0
      objectReference: {fileID: 0}
    - target: {fileID: 2808141633591649396, guid: 995ee625da4a96e4f87564bf005e4e3e,
        type: 3}
      propertyPath: m_LocalRotation.x
      value: 0.40821788
      objectReference: {fileID: 0}
    - target: {fileID: 2808141633591649396, guid: 995ee625da4a96e4f87564bf005e4e3e,
        type: 3}
      propertyPath: m_LocalRotation.y
      value: -0.23456968
      objectReference: {fileID: 0}
    - target: {fileID: 2808141633591649396, guid: 995ee625da4a96e4f87564bf005e4e3e,
        type: 3}
      propertyPath: m_LocalRotation.z
      value: 0.10938163
      objectReference: {fileID: 0}
    - target: {fileID: 2808141633591649396, guid: 995ee625da4a96e4f87564bf005e4e3e,
        type: 3}
      propertyPath: m_LocalRotation.w
      value: 0.8754261
      objectReference: {fileID: 0}
    - target: {fileID: 2808141633591649396, guid: 995ee625da4a96e4f87564bf005e4e3e,
        type: 3}
      propertyPath: m_RootOrder
      value: 0
      objectReference: {fileID: 0}
    - target: {fileID: 2808141633591649396, guid: 995ee625da4a96e4f87564bf005e4e3e,
        type: 3}
      propertyPath: m_LocalEulerAnglesHint.x
      value: 50
      objectReference: {fileID: 0}
    - target: {fileID: 2808141633591649396, guid: 995ee625da4a96e4f87564bf005e4e3e,
        type: 3}
      propertyPath: m_LocalEulerAnglesHint.y
      value: -30
      objectReference: {fileID: 0}
    - target: {fileID: 2808141633591649396, guid: 995ee625da4a96e4f87564bf005e4e3e,
        type: 3}
      propertyPath: m_LocalEulerAnglesHint.z
      value: 0
      objectReference: {fileID: 0}
    - target: {fileID: 2808141633591649398, guid: 995ee625da4a96e4f87564bf005e4e3e,
        type: 3}
      propertyPath: m_Name
      value: Directional Light
      objectReference: {fileID: 0}
    - target: {fileID: 2808141633591649399, guid: 995ee625da4a96e4f87564bf005e4e3e,
        type: 3}
      propertyPath: m_Enabled
      value: 0
      objectReference: {fileID: 0}
    m_RemovedComponents: []
  m_SourcePrefab: {fileID: 100100000, guid: 995ee625da4a96e4f87564bf005e4e3e, type: 3}
--- !u!4 &4140971102482526058 stripped
Transform:
  m_CorrespondingSourceObject: {fileID: 4318462049308908992, guid: 90da8238c2fc2654e842b30ef864bc89,
    type: 3}
  m_PrefabInstance: {fileID: 187441571236475562}
  m_PrefabAsset: {fileID: 0}
--- !u!1001 &5563925557303867394
PrefabInstance:
  m_ObjectHideFlags: 0
  serializedVersion: 2
  m_Modification:
    m_TransformParent: {fileID: 0}
    m_Modifications:
    - target: {fileID: 0}
      propertyPath: editor
      value: 
      objectReference: {fileID: 0}
    - target: {fileID: 781682316137975430, guid: 86c6701ce16f2294bb77b10dda9f73be,
        type: 3}
      propertyPath: editor
      value: 
      objectReference: {fileID: 0}
    - target: {fileID: 1345633929477476901, guid: 86c6701ce16f2294bb77b10dda9f73be,
        type: 3}
      propertyPath: m_Color.r
      value: 1
      objectReference: {fileID: 0}
    - target: {fileID: 1345633929477476901, guid: 86c6701ce16f2294bb77b10dda9f73be,
        type: 3}
      propertyPath: m_Color.g
      value: 0.9970081
      objectReference: {fileID: 0}
    - target: {fileID: 1345633929477476901, guid: 86c6701ce16f2294bb77b10dda9f73be,
        type: 3}
      propertyPath: m_Color.b
      value: 0.9575472
      objectReference: {fileID: 0}
    - target: {fileID: 2642343895771902587, guid: 86c6701ce16f2294bb77b10dda9f73be,
        type: 3}
      propertyPath: m_IsTrigger
      value: 1
      objectReference: {fileID: 0}
    - target: {fileID: 2642343896523990490, guid: 86c6701ce16f2294bb77b10dda9f73be,
        type: 3}
      propertyPath: m_IsTrigger
      value: 1
      objectReference: {fileID: 0}
    - target: {fileID: 2642343896774910300, guid: 86c6701ce16f2294bb77b10dda9f73be,
        type: 3}
      propertyPath: m_RootOrder
      value: 8
      objectReference: {fileID: 0}
    - target: {fileID: 2642343896774910300, guid: 86c6701ce16f2294bb77b10dda9f73be,
        type: 3}
      propertyPath: m_LocalEulerAnglesHint.x
      value: 0
      objectReference: {fileID: 0}
    - target: {fileID: 2642343896774910300, guid: 86c6701ce16f2294bb77b10dda9f73be,
        type: 3}
      propertyPath: m_LocalEulerAnglesHint.y
      value: 0
      objectReference: {fileID: 0}
    - target: {fileID: 2642343896774910300, guid: 86c6701ce16f2294bb77b10dda9f73be,
        type: 3}
      propertyPath: m_LocalEulerAnglesHint.z
      value: 0
      objectReference: {fileID: 0}
    - target: {fileID: 2642343896774910300, guid: 86c6701ce16f2294bb77b10dda9f73be,
        type: 3}
      propertyPath: m_LocalPosition.x
      value: 0.55
      objectReference: {fileID: 0}
    - target: {fileID: 2642343896774910300, guid: 86c6701ce16f2294bb77b10dda9f73be,
        type: 3}
      propertyPath: m_LocalPosition.z
      value: 8.41
      objectReference: {fileID: 0}
    - target: {fileID: 2642343896774910300, guid: 86c6701ce16f2294bb77b10dda9f73be,
        type: 3}
      propertyPath: m_LocalPosition.y
      value: 25.93
      objectReference: {fileID: 0}
    - target: {fileID: 2642343896775343474, guid: 86c6701ce16f2294bb77b10dda9f73be,
        type: 3}
      propertyPath: m_Name
      value: OVRPlayerController2 (1)
      objectReference: {fileID: 0}
    - target: {fileID: 5344818410806490883, guid: 86c6701ce16f2294bb77b10dda9f73be,
        type: 3}
      propertyPath: editor
      value: 
      objectReference: {fileID: 0}
    - target: {fileID: 6369103210712620677, guid: 86c6701ce16f2294bb77b10dda9f73be,
        type: 3}
      propertyPath: m_AnchoredPosition.y
      value: 220.00002
      objectReference: {fileID: 0}
    m_RemovedComponents: []
  m_SourcePrefab: {fileID: 100100000, guid: 86c6701ce16f2294bb77b10dda9f73be, type: 3}
--- !u!1001 &8287024274434375045
PrefabInstance:
  m_ObjectHideFlags: 0
  serializedVersion: 2
  m_Modification:
    m_TransformParent: {fileID: 0}
    m_Modifications:
    - target: {fileID: 0}
      propertyPath: editor
      value: 
      objectReference: {fileID: 0}
    - target: {fileID: 0}
      propertyPath: editor
      value: 
      objectReference: {fileID: 0}
    - target: {fileID: 0}
      propertyPath: _blocks.Array.data[0]
      value: 
      objectReference: {fileID: 0}
    - target: {fileID: 0}
      propertyPath: m_CollisionDetection
      value: 2
      objectReference: {fileID: 0}
    - target: {fileID: 0}
      propertyPath: editor
      value: 
      objectReference: {fileID: 0}
    - target: {fileID: 0}
      propertyPath: editor
      value: 
      objectReference: {fileID: 0}
    - target: {fileID: 0}
      propertyPath: editor
      value: 
      objectReference: {fileID: 0}
    - target: {fileID: 0}
      propertyPath: editor
      value: 
      objectReference: {fileID: 0}
    - target: {fileID: 0}
      propertyPath: editor
      value: 
      objectReference: {fileID: 0}
    - target: {fileID: 0}
      propertyPath: editor
      value: 
      objectReference: {fileID: 0}
    - target: {fileID: 0}
      propertyPath: editor
      value: 
      objectReference: {fileID: 0}
    - target: {fileID: 612796381841509761, guid: 8db28eb0a494184489307d8c360f53d6,
        type: 3}
      propertyPath: m_LocalPosition.x
      value: -53.646
      objectReference: {fileID: 0}
    - target: {fileID: 612796381841509761, guid: 8db28eb0a494184489307d8c360f53d6,
        type: 3}
      propertyPath: m_LocalPosition.y
      value: 26.788
      objectReference: {fileID: 0}
    - target: {fileID: 612796381841509761, guid: 8db28eb0a494184489307d8c360f53d6,
        type: 3}
      propertyPath: m_LocalPosition.z
      value: 4.5209446
      objectReference: {fileID: 0}
    - target: {fileID: 612796381841509761, guid: 8db28eb0a494184489307d8c360f53d6,
        type: 3}
      propertyPath: m_LocalRotation.x
      value: -0
      objectReference: {fileID: 0}
    - target: {fileID: 612796381841509761, guid: 8db28eb0a494184489307d8c360f53d6,
        type: 3}
      propertyPath: m_LocalRotation.y
      value: -0
      objectReference: {fileID: 0}
    - target: {fileID: 612796381841509761, guid: 8db28eb0a494184489307d8c360f53d6,
        type: 3}
      propertyPath: m_LocalRotation.z
      value: 1
      objectReference: {fileID: 0}
    - target: {fileID: 612796381841509761, guid: 8db28eb0a494184489307d8c360f53d6,
        type: 3}
      propertyPath: m_LocalRotation.w
      value: 0.0000028461216
      objectReference: {fileID: 0}
    - target: {fileID: 612796381841509761, guid: 8db28eb0a494184489307d8c360f53d6,
        type: 3}
      propertyPath: m_RootOrder
      value: 6
      objectReference: {fileID: 0}
    - target: {fileID: 612796381841509761, guid: 8db28eb0a494184489307d8c360f53d6,
        type: 3}
      propertyPath: m_LocalEulerAnglesHint.x
      value: 0
      objectReference: {fileID: 0}
    - target: {fileID: 612796381841509761, guid: 8db28eb0a494184489307d8c360f53d6,
        type: 3}
      propertyPath: m_LocalEulerAnglesHint.y
      value: 0
      objectReference: {fileID: 0}
    - target: {fileID: 612796381841509761, guid: 8db28eb0a494184489307d8c360f53d6,
        type: 3}
      propertyPath: m_LocalEulerAnglesHint.z
      value: 180.00002
      objectReference: {fileID: 0}
    - target: {fileID: 618183347489166925, guid: 8db28eb0a494184489307d8c360f53d6,
        type: 3}
      propertyPath: m_Name
      value: Flashlight
      objectReference: {fileID: 0}
    - target: {fileID: 650048983919158567, guid: 8db28eb0a494184489307d8c360f53d6,
        type: 3}
      propertyPath: isOn
      value: 0
      objectReference: {fileID: 0}
    - target: {fileID: 653584500884348767, guid: 8db28eb0a494184489307d8c360f53d6,
        type: 3}
      propertyPath: m_InnerSpotAngle
      value: 24
      objectReference: {fileID: 0}
    - target: {fileID: 653799552058545213, guid: 8db28eb0a494184489307d8c360f53d6,
        type: 3}
      propertyPath: m_InnerSpotAngle
      value: 17.5
      objectReference: {fileID: 0}
    - target: {fileID: 715961232965099173, guid: 8db28eb0a494184489307d8c360f53d6,
        type: 3}
      propertyPath: m_InnerSpotAngle
      value: 40.1
      objectReference: {fileID: 0}
    m_RemovedComponents:
    - {fileID: 0}
    - {fileID: 0}
    - {fileID: 0}
    - {fileID: 0}
    - {fileID: 0}
    - {fileID: 0}
    - {fileID: 0}
  m_SourcePrefab: {fileID: 100100000, guid: 8db28eb0a494184489307d8c360f53d6, type: 3}
