%YAML 1.1
%TAG !u! tag:unity3d.com,2011:
--- !u!1 &1579641085669545532
GameObject:
  m_ObjectHideFlags: 0
  m_CorrespondingSourceObject: {fileID: 0}
  m_PrefabInstance: {fileID: 0}
  m_PrefabAsset: {fileID: 0}
  serializedVersion: 6
  m_Component:
  - component: {fileID: 1583047183834002870}
  - component: {fileID: 1483912278112726048}
  m_Layer: 0
  m_Name: LightOuter
  m_TagString: Untagged
  m_Icon: {fileID: 0}
  m_NavMeshLayer: 0
  m_StaticEditorFlags: 0
  m_IsActive: 1
--- !u!4 &1583047183834002870
Transform:
  m_ObjectHideFlags: 0
  m_CorrespondingSourceObject: {fileID: 0}
  m_PrefabInstance: {fileID: 0}
  m_PrefabAsset: {fileID: 0}
  m_GameObject: {fileID: 1579641085669545532}
  m_LocalRotation: {x: -0.7071068, y: -0, z: -0, w: 0.7071068}
  m_LocalPosition: {x: 0, y: 0.173, z: 0}
  m_LocalScale: {x: 1, y: 1, z: 1}
  m_Children:
  - {fileID: 1583215765109161996}
  m_Father: {fileID: 1583410785682784004}
  m_RootOrder: 0
  m_LocalEulerAnglesHint: {x: -90, y: 0, z: 0}
--- !u!108 &1483912278112726048
Light:
  m_ObjectHideFlags: 0
  m_CorrespondingSourceObject: {fileID: 0}
  m_PrefabInstance: {fileID: 0}
  m_PrefabAsset: {fileID: 0}
  m_GameObject: {fileID: 1579641085669545532}
  m_Enabled: 1
  serializedVersion: 9
  m_Type: 0
  m_Color: {r: 0.4433962, g: 0.4433962, b: 0.4433962, a: 1}
  m_Intensity: 3.2
  m_Range: 38.41
  m_SpotAngle: 40.1
  m_InnerSpotAngle: 40.1
  m_CookieSize: 10
  m_Shadows:
    m_Type: 0
    m_Resolution: -1
    m_CustomResolution: -1
    m_Strength: 1
    m_Bias: 0.05
    m_NormalBias: 0.4
    m_NearPlane: 0.2
    m_CullingMatrixOverride:
      e00: 1
      e01: 0
      e02: 0
      e03: 0
      e10: 0
      e11: 1
      e12: 0
      e13: 0
      e20: 0
      e21: 0
      e22: 1
      e23: 0
      e30: 0
      e31: 0
      e32: 0
      e33: 1
    m_UseCullingMatrixOverride: 0
  m_Cookie: {fileID: 0}
  m_DrawHalo: 0
  m_Flare: {fileID: 0}
  m_RenderMode: 1
  m_CullingMask:
    serializedVersion: 2
    m_Bits: 4294967295
  m_RenderingLayerMask: 1
  m_Lightmapping: 1
  m_LightShadowCasterMode: 0
  m_AreaSize: {x: 1, y: 1}
  m_BounceIntensity: 1
  m_ColorTemperature: 6570
  m_UseColorTemperature: 0
  m_BoundingSphereOverride: {x: 0, y: 0, z: 0, w: 0}
  m_UseBoundingSphereOverride: 0
  m_ShadowRadius: 0
  m_ShadowAngle: 0
--- !u!1 &1579644049049262682
GameObject:
  m_ObjectHideFlags: 0
  m_CorrespondingSourceObject: {fileID: 0}
  m_PrefabInstance: {fileID: 0}
  m_PrefabAsset: {fileID: 0}
  serializedVersion: 6
  m_Component:
  - component: {fileID: 1583215765109161996}
  - component: {fileID: 1470864036634799578}
  m_Layer: 0
  m_Name: LightMid
  m_TagString: Untagged
  m_Icon: {fileID: 0}
  m_NavMeshLayer: 0
  m_StaticEditorFlags: 0
  m_IsActive: 1
--- !u!4 &1583215765109161996
Transform:
  m_ObjectHideFlags: 0
  m_CorrespondingSourceObject: {fileID: 0}
  m_PrefabInstance: {fileID: 0}
  m_PrefabAsset: {fileID: 0}
  m_GameObject: {fileID: 1579644049049262682}
  m_LocalRotation: {x: -0, y: -0, z: -0, w: 1}
  m_LocalPosition: {x: 0, y: 0, z: 0}
  m_LocalScale: {x: 1, y: 1, z: 1}
  m_Children:
  - {fileID: 1578277574391612998}
  m_Father: {fileID: 1583047183834002870}
  m_RootOrder: 0
  m_LocalEulerAnglesHint: {x: -90, y: 0, z: 0}
--- !u!108 &1470864036634799578
Light:
  m_ObjectHideFlags: 0
  m_CorrespondingSourceObject: {fileID: 0}
  m_PrefabInstance: {fileID: 0}
  m_PrefabAsset: {fileID: 0}
  m_GameObject: {fileID: 1579644049049262682}
  m_Enabled: 1
  serializedVersion: 9
  m_Type: 0
  m_Color: {r: 1, g: 1, b: 0.8632076, a: 1}
  m_Intensity: 4.88
  m_Range: 6.53
  m_SpotAngle: 24
  m_InnerSpotAngle: 24
  m_CookieSize: 10
  m_Shadows:
    m_Type: 2
    m_Resolution: -1
    m_CustomResolution: -1
    m_Strength: 1
    m_Bias: 0.05
    m_NormalBias: 0.4
    m_NearPlane: 0.2
    m_CullingMatrixOverride:
      e00: 1
      e01: 0
      e02: 0
      e03: 0
      e10: 0
      e11: 1
      e12: 0
      e13: 0
      e20: 0
      e21: 0
      e22: 1
      e23: 0
      e30: 0
      e31: 0
      e32: 0
      e33: 1
    m_UseCullingMatrixOverride: 0
  m_Cookie: {fileID: 0}
  m_DrawHalo: 0
  m_Flare: {fileID: 0}
  m_RenderMode: 1
  m_CullingMask:
    serializedVersion: 2
    m_Bits: 4294967295
  m_RenderingLayerMask: 1
  m_Lightmapping: 4
  m_LightShadowCasterMode: 0
  m_AreaSize: {x: 1, y: 1}
  m_BounceIntensity: 1.28
  m_ColorTemperature: 6570
  m_UseColorTemperature: 0
  m_BoundingSphereOverride: {x: 0, y: 0, z: 0, w: 0}
  m_UseBoundingSphereOverride: 0
  m_ShadowRadius: 0
  m_ShadowAngle: 0
--- !u!1 &1579719838665630920
GameObject:
  m_ObjectHideFlags: 0
  m_CorrespondingSourceObject: {fileID: 0}
  m_PrefabInstance: {fileID: 0}
  m_PrefabAsset: {fileID: 0}
  serializedVersion: 6
  m_Component:
  - component: {fileID: 1583410785682784004}
  - component: {fileID: 1671366913547472790}
  - component: {fileID: 1476337022459238306}
  - component: {fileID: 9014839921253244153}
  - component: {fileID: 3585084293868237404}
  - component: {fileID: 5763881308649759121}
  - component: {fileID: 6923010178171377989}
  - component: {fileID: 1798235376419731036}
  - component: {fileID: 9163688176717693105}
  - component: {fileID: 8937936672788257883}
  - component: {fileID: 4429384413092062291}
  - component: {fileID: 2841713527805908444}
  - component: {fileID: 1359513500182366259}
  - component: {fileID: 7060831168682427323}
  m_Layer: 0
  m_Name: Flashlight
  m_TagString: Untagged
  m_Icon: {fileID: 0}
  m_NavMeshLayer: 0
  m_StaticEditorFlags: 0
  m_IsActive: 1
--- !u!4 &1583410785682784004
Transform:
  m_ObjectHideFlags: 0
  m_CorrespondingSourceObject: {fileID: 0}
  m_PrefabInstance: {fileID: 0}
  m_PrefabAsset: {fileID: 0}
  m_GameObject: {fileID: 1579719838665630920}
  m_LocalRotation: {x: 0, y: 0, z: 0, w: 1}
  m_LocalPosition: {x: 0.23, y: 5.27, z: -176.1}
  m_LocalScale: {x: 1, y: 1, z: 1}
  m_Children:
  - {fileID: 1583047183834002870}
  - {fileID: 1578294950719741066}
  - {fileID: 1583074901558125336}
  - {fileID: 1583378686343931436}
  m_Father: {fileID: 0}
  m_RootOrder: 0
  m_LocalEulerAnglesHint: {x: 0, y: 0, z: 0}
--- !u!205 &1671366913547472790
LODGroup:
  m_ObjectHideFlags: 0
  m_CorrespondingSourceObject: {fileID: 0}
  m_PrefabInstance: {fileID: 0}
  m_PrefabAsset: {fileID: 0}
  m_GameObject: {fileID: 1579719838665630920}
  serializedVersion: 2
  m_LocalReferencePoint: {x: 0.000000033527613, y: 0.10280263, z: -0.000000052154064}
  m_Size: 0.20541497
  m_FadeMode: 0
  m_AnimateCrossFading: 0
  m_LastLODIsBillboard: 0
  m_LODs:
  - screenRelativeHeight: 0.40306228
    fadeTransitionWidth: 0
    renderers:
    - renderer: {fileID: 1566401656147971124}
  - screenRelativeHeight: 0.125
    fadeTransitionWidth: 0
    renderers:
    - renderer: {fileID: 1565760680741729268}
  - screenRelativeHeight: 0.01
    fadeTransitionWidth: 0
    renderers:
    - renderer: {fileID: 1566297801348099068}
  m_Enabled: 1
--- !u!114 &1476337022459238306
MonoBehaviour:
  m_ObjectHideFlags: 0
  m_CorrespondingSourceObject: {fileID: 0}
  m_PrefabInstance: {fileID: 0}
  m_PrefabAsset: {fileID: 0}
  m_GameObject: {fileID: 1579719838665630920}
  m_Enabled: 1
  m_EditorHideFlags: 0
  m_Script: {fileID: 11500000, guid: 3a5babb3fbc35544ea399e2886e69046, type: 3}
  m_Name: 
  m_EditorClassIdentifier: 
  lightGO: {fileID: 1579641085669545532}
  isOn: 0
--- !u!54 &9014839921253244153
Rigidbody:
  m_ObjectHideFlags: 0
  m_CorrespondingSourceObject: {fileID: 0}
  m_PrefabInstance: {fileID: 0}
  m_PrefabAsset: {fileID: 0}
  m_GameObject: {fileID: 1579719838665630920}
  serializedVersion: 2
  m_Mass: 0.3
  m_Drag: 0
  m_AngularDrag: 0.05
  m_UseGravity: 1
  m_IsKinematic: 0
  m_Interpolate: 0
  m_Constraints: 0
  m_CollisionDetection: 1
--- !u!114 &3585084293868237404
MonoBehaviour:
  m_ObjectHideFlags: 0
  m_CorrespondingSourceObject: {fileID: 0}
  m_PrefabInstance: {fileID: 0}
  m_PrefabAsset: {fileID: 0}
  m_GameObject: {fileID: 1579719838665630920}
  m_Enabled: 1
  m_EditorHideFlags: 0
  m_Script: {fileID: 11500000, guid: 02d61468f8b77ae4b92c344bc9a600fb, type: 3}
  m_Name: 
  m_EditorClassIdentifier: 
  m_allowOffhandGrab: 1
  m_snapPosition: 0
  m_snapOrientation: 0
  m_snapOffset: {fileID: 0}
  m_grabPoints: []
--- !u!136 &5763881308649759121
CapsuleCollider:
  m_ObjectHideFlags: 0
  m_CorrespondingSourceObject: {fileID: 0}
  m_PrefabInstance: {fileID: 0}
  m_PrefabAsset: {fileID: 0}
  m_GameObject: {fileID: 1579719838665630920}
  m_Material: {fileID: 0}
  m_IsTrigger: 0
  m_Enabled: 1
  m_Radius: 0.03
  m_Height: 0.24
  m_Direction: 1
  m_Center: {x: 0, y: 0.1, z: 0}
--- !u!114 &6923010178171377989
MonoBehaviour:
  m_ObjectHideFlags: 0
  m_CorrespondingSourceObject: {fileID: 0}
  m_PrefabInstance: {fileID: 0}
  m_PrefabAsset: {fileID: 0}
  m_GameObject: {fileID: 1579719838665630920}
  m_Enabled: 1
  m_EditorHideFlags: 0
  m_Script: {fileID: 11500000, guid: 7d1a7708e76601b4ea829921c33bc624, type: 3}
  m_Name: 
  m_EditorClassIdentifier: 
  m_allowOffhandGrab: 1
  m_snapPosition: 0
  m_snapOrientation: 0
  m_snapOffset: {fileID: 0}
  m_grabPoints: []
  m_materialColorField: 
--- !u!114 &1798235376419731036
MonoBehaviour:
  m_ObjectHideFlags: 0
  m_CorrespondingSourceObject: {fileID: 0}
  m_PrefabInstance: {fileID: 0}
  m_PrefabAsset: {fileID: 0}
  m_GameObject: {fileID: 1579719838665630920}
  m_Enabled: 1
  m_EditorHideFlags: 0
  m_Script: {fileID: 1528663654, guid: 20990ec6b45e544b0b5f28b1e0c1c96b, type: 3}
  m_Name: 
  m_EditorClassIdentifier: 
  _initialized: 1
  _reset: 0
  _version: 1.2.5
  _moved: 0
  _blocks:
  - {fileID: 8937936672788257883}
  editor: {fileID: 0}
  _showSettings: 0
  _displayMode: 0
  _windowTitle: GameFlow
  _windowMinSize: {x: 240, y: 64}
  _windowMaxSize: {x: 600, y: 400}
--- !u!114 &9163688176717693105
MonoBehaviour:
  m_ObjectHideFlags: 3
  m_CorrespondingSourceObject: {fileID: 0}
  m_PrefabInstance: {fileID: 0}
  m_PrefabAsset: {fileID: 0}
  m_GameObject: {fileID: 1579719838665630920}
  m_Enabled: 0
  m_EditorHideFlags: 0
  m_Script: {fileID: 938558877, guid: 20990ec6b45e544b0b5f28b1e0c1c96b, type: 3}
  m_Name: 
  m_EditorClassIdentifier: 
  _initialized: 1
  _reset: 0
  _version: 1.2.5
  _moved: 0
  _foldout: 1
  _drawSeparator: 0
  enabledInEditor: 1
  container: {fileID: 8937936672788257883}
  editor: {fileID: 0}
  _caption: Set Parent
  _breakpoint: 0
  _target: {fileID: 1579719838665630920}
  _targetVar: {fileID: 0}
  _parent: {fileID: 2642343896775343474, guid: 86c6701ce16f2294bb77b10dda9f73be, type: 3}
  _parentVar: {fileID: 0}
--- !u!114 &8937936672788257883
MonoBehaviour:
  m_ObjectHideFlags: 3
  m_CorrespondingSourceObject: {fileID: 0}
  m_PrefabInstance: {fileID: 0}
  m_PrefabAsset: {fileID: 0}
  m_GameObject: {fileID: 1579719838665630920}
  m_Enabled: 0
  m_EditorHideFlags: 0
  m_Script: {fileID: 392807261, guid: 20990ec6b45e544b0b5f28b1e0c1c96b, type: 3}
  m_Name: 
  m_EditorClassIdentifier: 
  _initialized: 1
  _reset: 0
  _version: 1.2.5
  _moved: 0
  _foldout: 1
  _drawSeparator: 0
  enabledInEditor: 1
  container: {fileID: 1798235376419731036}
  editor: {fileID: 0}
  _id: On Collision Stay
  _actions:
  - {fileID: 9163688176717693105}
  _parameters:
  - {fileID: 4429384413092062291}
  - {fileID: 2841713527805908444}
  - {fileID: 1359513500182366259}
  - {fileID: 7060831168682427323}
  _showParameters: 0
  _showSettings: 1
  _actionsFoldout: 1
  _ignorePause: 0
  _listeningRange: 0
  _listeningTarget: {fileID: 2642343896775343474, guid: 86c6701ce16f2294bb77b10dda9f73be,
    type: 3}
  _listeningList: {fileID: 0}
--- !u!114 &4429384413092062291
MonoBehaviour:
  m_ObjectHideFlags: 3
  m_CorrespondingSourceObject: {fileID: 0}
  m_PrefabInstance: {fileID: 0}
  m_PrefabAsset: {fileID: 0}
  m_GameObject: {fileID: 1579719838665630920}
  m_Enabled: 0
  m_EditorHideFlags: 0
  m_Script: {fileID: 280294710, guid: 20990ec6b45e544b0b5f28b1e0c1c96b, type: 3}
  m_Name: 
  m_EditorClassIdentifier: 
  _initialized: 1
  _reset: 0
  _version: 1.2.5
  _moved: 0
  _foldout: 0
  _drawSeparator: 0
  enabledInEditor: 1
  container: {fileID: 8937936672788257883}
  editor: {fileID: 0}
  _id: Source
  _dataType: 8
  _typeName: UnityEngine.GameObject
  _indirectDataType: 0
  _indirectTypeName: 
  _defaultStringValue: 
  _defaultIntValue: 0
  _defaultFloatValue: 0
  _defaultBoolValue: 0
  _defaultVector2Value: {x: 0, y: 0}
  _defaultVector3Value: {x: 0, y: 0, z: 0}
  _defaultVector4Value: {x: 0, y: 0, z: 0, w: 0}
  _defaultRectValue:
    serializedVersion: 2
    x: 0
    y: 0
    width: 0
    height: 0
  _defaultColorValue: {r: 0, g: 0, b: 0, a: 0}
  _defaultEnumIntValue: 0
  _defaultBoundsValue:
    m_Center: {x: 0, y: 0, z: 0}
    m_Extent: {x: 0, y: 0, z: 0}
  _defaultQuaternionValue: {x: 0, y: 0, z: 0, w: 0}
  _stringValue: 
  _intValue: 0
  _floatValue: 0
  _boolValue: 1
  _vector2Value: {x: 0, y: 0}
  _vector3Value: {x: 0, y: 0, z: 0}
  _rectValue:
    serializedVersion: 2
    x: 0
    y: 0
    width: 0
    height: 0
  _colorValue: {r: 0, g: 0, b: 0, a: 1}
  _objectValue: {fileID: 0}
  _enumIntValue: 0
  _enumCached: 0
  _boundsValue:
    m_Center: {x: 0, y: 0, z: 0}
    m_Extent: {x: 0, y: 0, z: 0}
  _quaternionValue: {x: 0, y: 0, z: 0, w: 1}
  _vector4Value: {x: 0, y: 0, z: 0, w: 0}
  _animationCurveValue:
    serializedVersion: 2
    m_Curve: []
    m_PreInfinity: 2
    m_PostInfinity: 2
    m_RotationOrder: 4
  _readOnly: 1
  _private: 1
  _persistent: 0
  _indirect: 0
  _isVariant: 0
  _showDescription: 1
  _description: The GameObject which was collided and originated the event.
  _changeListeners: []
  _hidden: 0
  _display: 1
  _label: Parameter
--- !u!114 &2841713527805908444
MonoBehaviour:
  m_ObjectHideFlags: 3
  m_CorrespondingSourceObject: {fileID: 0}
  m_PrefabInstance: {fileID: 0}
  m_PrefabAsset: {fileID: 0}
  m_GameObject: {fileID: 1579719838665630920}
  m_Enabled: 0
  m_EditorHideFlags: 0
  m_Script: {fileID: 280294710, guid: 20990ec6b45e544b0b5f28b1e0c1c96b, type: 3}
  m_Name: 
  m_EditorClassIdentifier: 
  _initialized: 1
  _reset: 0
  _version: 1.2.5
  _moved: 0
  _foldout: 0
  _drawSeparator: 0
  enabledInEditor: 1
  container: {fileID: 8937936672788257883}
  editor: {fileID: 0}
  _id: Other
  _dataType: 8
  _typeName: UnityEngine.GameObject
  _indirectDataType: 0
  _indirectTypeName: 
  _defaultStringValue: 
  _defaultIntValue: 0
  _defaultFloatValue: 0
  _defaultBoolValue: 0
  _defaultVector2Value: {x: 0, y: 0}
  _defaultVector3Value: {x: 0, y: 0, z: 0}
  _defaultVector4Value: {x: 0, y: 0, z: 0, w: 0}
  _defaultRectValue:
    serializedVersion: 2
    x: 0
    y: 0
    width: 0
    height: 0
  _defaultColorValue: {r: 0, g: 0, b: 0, a: 0}
  _defaultEnumIntValue: 0
  _defaultBoundsValue:
    m_Center: {x: 0, y: 0, z: 0}
    m_Extent: {x: 0, y: 0, z: 0}
  _defaultQuaternionValue: {x: 0, y: 0, z: 0, w: 0}
  _stringValue: 
  _intValue: 0
  _floatValue: 0
  _boolValue: 1
  _vector2Value: {x: 0, y: 0}
  _vector3Value: {x: 0, y: 0, z: 0}
  _rectValue:
    serializedVersion: 2
    x: 0
    y: 0
    width: 0
    height: 0
  _colorValue: {r: 0, g: 0, b: 0, a: 1}
  _objectValue: {fileID: 0}
  _enumIntValue: 0
  _enumCached: 0
  _boundsValue:
    m_Center: {x: 0, y: 0, z: 0}
    m_Extent: {x: 0, y: 0, z: 0}
  _quaternionValue: {x: 0, y: 0, z: 0, w: 1}
  _vector4Value: {x: 0, y: 0, z: 0, w: 0}
  _animationCurveValue:
    serializedVersion: 2
    m_Curve: []
    m_PreInfinity: 2
    m_PostInfinity: 2
    m_RotationOrder: 4
  _readOnly: 1
  _private: 1
  _persistent: 0
  _indirect: 0
  _isVariant: 0
  _showDescription: 1
  _description: The GameObject that collided with <Source>.
  _changeListeners: []
  _hidden: 0
  _display: 1
  _label: Parameter
--- !u!114 &1359513500182366259
MonoBehaviour:
  m_ObjectHideFlags: 3
  m_CorrespondingSourceObject: {fileID: 0}
  m_PrefabInstance: {fileID: 0}
  m_PrefabAsset: {fileID: 0}
  m_GameObject: {fileID: 1579719838665630920}
  m_Enabled: 0
  m_EditorHideFlags: 0
  m_Script: {fileID: 280294710, guid: 20990ec6b45e544b0b5f28b1e0c1c96b, type: 3}
  m_Name: 
  m_EditorClassIdentifier: 
  _initialized: 1
  _reset: 0
  _version: 1.2.5
  _moved: 0
  _foldout: 0
  _drawSeparator: 0
  enabledInEditor: 1
  container: {fileID: 8937936672788257883}
  editor: {fileID: 0}
  _id: Contact Point
  _dataType: 5
  _typeName: 
  _indirectDataType: 0
  _indirectTypeName: 
  _defaultStringValue: 
  _defaultIntValue: 0
  _defaultFloatValue: 0
  _defaultBoolValue: 0
  _defaultVector2Value: {x: 0, y: 0}
  _defaultVector3Value: {x: 0, y: 0, z: 0}
  _defaultVector4Value: {x: 0, y: 0, z: 0, w: 0}
  _defaultRectValue:
    serializedVersion: 2
    x: 0
    y: 0
    width: 0
    height: 0
  _defaultColorValue: {r: 0, g: 0, b: 0, a: 0}
  _defaultEnumIntValue: 0
  _defaultBoundsValue:
    m_Center: {x: 0, y: 0, z: 0}
    m_Extent: {x: 0, y: 0, z: 0}
  _defaultQuaternionValue: {x: 0, y: 0, z: 0, w: 0}
  _stringValue: 
  _intValue: 0
  _floatValue: 0
  _boolValue: 1
  _vector2Value: {x: 0, y: 0}
  _vector3Value: {x: 0, y: 0, z: 0}
  _rectValue:
    serializedVersion: 2
    x: 0
    y: 0
    width: 0
    height: 0
  _colorValue: {r: 0, g: 0, b: 0, a: 1}
  _objectValue: {fileID: 0}
  _enumIntValue: 0
  _enumCached: 0
  _boundsValue:
    m_Center: {x: 0, y: 0, z: 0}
    m_Extent: {x: 0, y: 0, z: 0}
  _quaternionValue: {x: 0, y: 0, z: 0, w: 1}
  _vector4Value: {x: 0, y: 0, z: 0, w: 0}
  _animationCurveValue:
    serializedVersion: 2
    m_Curve: []
    m_PreInfinity: 2
    m_PostInfinity: 2
    m_RotationOrder: 4
  _readOnly: 1
  _private: 1
  _persistent: 0
  _indirect: 0
  _isVariant: 0
  _showDescription: 1
  _description: The 3D world coordinates of the collision contact point.
  _changeListeners: []
  _hidden: 0
  _display: 1
  _label: Parameter
--- !u!114 &7060831168682427323
MonoBehaviour:
  m_ObjectHideFlags: 3
  m_CorrespondingSourceObject: {fileID: 0}
  m_PrefabInstance: {fileID: 0}
  m_PrefabAsset: {fileID: 0}
  m_GameObject: {fileID: 1579719838665630920}
  m_Enabled: 0
  m_EditorHideFlags: 0
  m_Script: {fileID: 280294710, guid: 20990ec6b45e544b0b5f28b1e0c1c96b, type: 3}
  m_Name: 
  m_EditorClassIdentifier: 
  _initialized: 1
  _reset: 0
  _version: 1.2.5
  _moved: 0
  _foldout: 0
  _drawSeparator: 0
  enabledInEditor: 1
  container: {fileID: 8937936672788257883}
  editor: {fileID: 0}
  _id: Relative Velocity
  _dataType: 5
  _typeName: 
  _indirectDataType: 0
  _indirectTypeName: 
  _defaultStringValue: 
  _defaultIntValue: 0
  _defaultFloatValue: 0
  _defaultBoolValue: 0
  _defaultVector2Value: {x: 0, y: 0}
  _defaultVector3Value: {x: 0, y: 0, z: 0}
  _defaultVector4Value: {x: 0, y: 0, z: 0, w: 0}
  _defaultRectValue:
    serializedVersion: 2
    x: 0
    y: 0
    width: 0
    height: 0
  _defaultColorValue: {r: 0, g: 0, b: 0, a: 0}
  _defaultEnumIntValue: 0
  _defaultBoundsValue:
    m_Center: {x: 0, y: 0, z: 0}
    m_Extent: {x: 0, y: 0, z: 0}
  _defaultQuaternionValue: {x: 0, y: 0, z: 0, w: 0}
  _stringValue: 
  _intValue: 0
  _floatValue: 0
  _boolValue: 1
  _vector2Value: {x: 0, y: 0}
  _vector3Value: {x: 0, y: 0, z: 0}
  _rectValue:
    serializedVersion: 2
    x: 0
    y: 0
    width: 0
    height: 0
  _colorValue: {r: 0, g: 0, b: 0, a: 1}
  _objectValue: {fileID: 0}
  _enumIntValue: 0
  _enumCached: 0
  _boundsValue:
    m_Center: {x: 0, y: 0, z: 0}
    m_Extent: {x: 0, y: 0, z: 0}
  _quaternionValue: {x: 0, y: 0, z: 0, w: 1}
  _vector4Value: {x: 0, y: 0, z: 0, w: 0}
  _animationCurveValue:
    serializedVersion: 2
    m_Curve: []
    m_PreInfinity: 2
    m_PostInfinity: 2
    m_RotationOrder: 4
  _readOnly: 1
  _private: 1
  _persistent: 0
  _indirect: 0
  _isVariant: 0
  _showDescription: 1
  _description: The relative linear velocity of the two colliding objects.
  _changeListeners: []
  _hidden: 0
  _display: 1
  _label: Parameter
--- !u!1 &1579808108718030208
GameObject:
  m_ObjectHideFlags: 0
  m_CorrespondingSourceObject: {fileID: 0}
  m_PrefabInstance: {fileID: 0}
  m_PrefabAsset: {fileID: 0}
  serializedVersion: 6
  m_Component:
  - component: {fileID: 1583378686343931436}
  - component: {fileID: 1558231307582958120}
  - component: {fileID: 1566297801348099068}
  m_Layer: 0
  m_Name: Flashlight_LOD2
  m_TagString: Untagged
  m_Icon: {fileID: 0}
  m_NavMeshLayer: 0
  m_StaticEditorFlags: 0
  m_IsActive: 1
--- !u!4 &1583378686343931436
Transform:
  m_ObjectHideFlags: 0
  m_CorrespondingSourceObject: {fileID: 0}
  m_PrefabInstance: {fileID: 0}
  m_PrefabAsset: {fileID: 0}
  m_GameObject: {fileID: 1579808108718030208}
  m_LocalRotation: {x: 0, y: -0, z: -0, w: 1}
  m_LocalPosition: {x: -0.0000000834465, y: 0.102802716, z: -0.00041855095}
  m_LocalScale: {x: 1, y: 1, z: 1}
  m_Children: []
  m_Father: {fileID: 1583410785682784004}
  m_RootOrder: 3
  m_LocalEulerAnglesHint: {x: 0, y: 0, z: 0}
--- !u!33 &1558231307582958120
MeshFilter:
  m_ObjectHideFlags: 0
  m_CorrespondingSourceObject: {fileID: 0}
  m_PrefabInstance: {fileID: 0}
  m_PrefabAsset: {fileID: 0}
  m_GameObject: {fileID: 1579808108718030208}
  m_Mesh: {fileID: 4300004, guid: 3875ca2c5689e804aace57bc0f79edd1, type: 3}
--- !u!23 &1566297801348099068
MeshRenderer:
  m_ObjectHideFlags: 0
  m_CorrespondingSourceObject: {fileID: 0}
  m_PrefabInstance: {fileID: 0}
  m_PrefabAsset: {fileID: 0}
  m_GameObject: {fileID: 1579808108718030208}
  m_Enabled: 1
  m_CastShadows: 1
  m_ReceiveShadows: 1
  m_DynamicOccludee: 1
  m_MotionVectors: 1
  m_LightProbeUsage: 1
  m_ReflectionProbeUsage: 1
  m_RenderingLayerMask: 4294967295
  m_RendererPriority: 0
  m_Materials:
  - {fileID: 2100000, guid: ff650073054ab3145b5c0279ce4b7a42, type: 2}
  - {fileID: 2100000, guid: ff650073054ab3145b5c0279ce4b7a42, type: 2}
  - {fileID: 2100000, guid: 174ca498363747e43abe90b2f66d8a6a, type: 2}
  m_StaticBatchInfo:
    firstSubMesh: 0
    subMeshCount: 0
  m_StaticBatchRoot: {fileID: 0}
  m_ProbeAnchor: {fileID: 0}
  m_LightProbeVolumeOverride: {fileID: 0}
  m_ScaleInLightmap: 0.125
  m_ReceiveGI: 1
  m_PreserveUVs: 0
  m_IgnoreNormalsForChartDetection: 0
  m_ImportantGI: 0
  m_StitchLightmapSeams: 0
  m_SelectedEditorRenderState: 3
  m_MinimumChartSize: 4
  m_AutoUVMaxDistance: 0.5
  m_AutoUVMaxAngle: 89
  m_LightmapParameters: {fileID: 0}
  m_SortingLayerID: 0
  m_SortingLayer: 0
  m_SortingOrder: 0
--- !u!1 &1580088621810195144
GameObject:
  m_ObjectHideFlags: 0
  m_CorrespondingSourceObject: {fileID: 0}
  m_PrefabInstance: {fileID: 0}
  m_PrefabAsset: {fileID: 0}
  serializedVersion: 6
  m_Component:
  - component: {fileID: 1578294950719741066}
  - component: {fileID: 1557414252102956698}
  - component: {fileID: 1566401656147971124}
  m_Layer: 0
  m_Name: Flashlight_LOD0
  m_TagString: Untagged
  m_Icon: {fileID: 0}
  m_NavMeshLayer: 0
  m_StaticEditorFlags: 0
  m_IsActive: 1
--- !u!4 &1578294950719741066
Transform:
  m_ObjectHideFlags: 0
  m_CorrespondingSourceObject: {fileID: 0}
  m_PrefabInstance: {fileID: 0}
  m_PrefabAsset: {fileID: 0}
  m_GameObject: {fileID: 1580088621810195144}
  m_LocalRotation: {x: 0, y: -0, z: -0, w: 1}
  m_LocalPosition: {x: 0.0000000333786, y: 0.10280262, z: -0.000000051259992}
  m_LocalScale: {x: 1, y: 1, z: 1}
  m_Children: []
  m_Father: {fileID: 1583410785682784004}
  m_RootOrder: 1
  m_LocalEulerAnglesHint: {x: 0, y: 0, z: 0}
--- !u!33 &1557414252102956698
MeshFilter:
  m_ObjectHideFlags: 0
  m_CorrespondingSourceObject: {fileID: 0}
  m_PrefabInstance: {fileID: 0}
  m_PrefabAsset: {fileID: 0}
  m_GameObject: {fileID: 1580088621810195144}
  m_Mesh: {fileID: 4300000, guid: 3875ca2c5689e804aace57bc0f79edd1, type: 3}
--- !u!23 &1566401656147971124
MeshRenderer:
  m_ObjectHideFlags: 0
  m_CorrespondingSourceObject: {fileID: 0}
  m_PrefabInstance: {fileID: 0}
  m_PrefabAsset: {fileID: 0}
  m_GameObject: {fileID: 1580088621810195144}
  m_Enabled: 1
  m_CastShadows: 1
  m_ReceiveShadows: 1
  m_DynamicOccludee: 1
  m_MotionVectors: 1
  m_LightProbeUsage: 1
  m_ReflectionProbeUsage: 1
  m_RenderingLayerMask: 4294967295
  m_RendererPriority: 0
  m_Materials:
  - {fileID: 2100000, guid: ff650073054ab3145b5c0279ce4b7a42, type: 2}
  - {fileID: 2100000, guid: ff650073054ab3145b5c0279ce4b7a42, type: 2}
  - {fileID: 2100000, guid: 174ca498363747e43abe90b2f66d8a6a, type: 2}
  m_StaticBatchInfo:
    firstSubMesh: 0
    subMeshCount: 0
  m_StaticBatchRoot: {fileID: 0}
  m_ProbeAnchor: {fileID: 0}
  m_LightProbeVolumeOverride: {fileID: 0}
  m_ScaleInLightmap: 1
  m_ReceiveGI: 1
  m_PreserveUVs: 0
  m_IgnoreNormalsForChartDetection: 0
  m_ImportantGI: 0
  m_StitchLightmapSeams: 0
  m_SelectedEditorRenderState: 3
  m_MinimumChartSize: 4
  m_AutoUVMaxDistance: 0.5
  m_AutoUVMaxAngle: 89
  m_LightmapParameters: {fileID: 0}
  m_SortingLayerID: 0
  m_SortingLayer: 0
  m_SortingOrder: 0
--- !u!1 &1580230684696722638
GameObject:
  m_ObjectHideFlags: 0
  m_CorrespondingSourceObject: {fileID: 0}
  m_PrefabInstance: {fileID: 0}
  m_PrefabAsset: {fileID: 0}
  serializedVersion: 6
  m_Component:
  - component: {fileID: 1583074901558125336}
  - component: {fileID: 1558076996625725964}
  - component: {fileID: 1565760680741729268}
  m_Layer: 0
  m_Name: Flashlight_LOD1
  m_TagString: Untagged
  m_Icon: {fileID: 0}
  m_NavMeshLayer: 0
  m_StaticEditorFlags: 0
  m_IsActive: 1
--- !u!4 &1583074901558125336
Transform:
  m_ObjectHideFlags: 0
  m_CorrespondingSourceObject: {fileID: 0}
  m_PrefabInstance: {fileID: 0}
  m_PrefabAsset: {fileID: 0}
  m_GameObject: {fileID: 1580230684696722638}
  m_LocalRotation: {x: 0, y: -0, z: -0, w: 1}
  m_LocalPosition: {x: -0.0000000834465, y: 0.102802716, z: 0.00000044584274}
  m_LocalScale: {x: 1, y: 1, z: 1}
  m_Children: []
  m_Father: {fileID: 1583410785682784004}
  m_RootOrder: 2
  m_LocalEulerAnglesHint: {x: 0, y: 0, z: 0}
--- !u!33 &1558076996625725964
MeshFilter:
  m_ObjectHideFlags: 0
  m_CorrespondingSourceObject: {fileID: 0}
  m_PrefabInstance: {fileID: 0}
  m_PrefabAsset: {fileID: 0}
  m_GameObject: {fileID: 1580230684696722638}
  m_Mesh: {fileID: 4300002, guid: 3875ca2c5689e804aace57bc0f79edd1, type: 3}
--- !u!23 &1565760680741729268
MeshRenderer:
  m_ObjectHideFlags: 0
  m_CorrespondingSourceObject: {fileID: 0}
  m_PrefabInstance: {fileID: 0}
  m_PrefabAsset: {fileID: 0}
  m_GameObject: {fileID: 1580230684696722638}
  m_Enabled: 1
  m_CastShadows: 1
  m_ReceiveShadows: 1
  m_DynamicOccludee: 1
  m_MotionVectors: 1
  m_LightProbeUsage: 1
  m_ReflectionProbeUsage: 1
  m_RenderingLayerMask: 4294967295
  m_RendererPriority: 0
  m_Materials:
  - {fileID: 2100000, guid: 174ca498363747e43abe90b2f66d8a6a, type: 2}
  - {fileID: 2100000, guid: ff650073054ab3145b5c0279ce4b7a42, type: 2}
  - {fileID: 2100000, guid: ff650073054ab3145b5c0279ce4b7a42, type: 2}
  m_StaticBatchInfo:
    firstSubMesh: 0
    subMeshCount: 0
  m_StaticBatchRoot: {fileID: 0}
  m_ProbeAnchor: {fileID: 0}
  m_LightProbeVolumeOverride: {fileID: 0}
  m_ScaleInLightmap: 0.40306228
  m_ReceiveGI: 1
  m_PreserveUVs: 0
  m_IgnoreNormalsForChartDetection: 0
  m_ImportantGI: 0
  m_StitchLightmapSeams: 0
  m_SelectedEditorRenderState: 3
  m_MinimumChartSize: 4
  m_AutoUVMaxDistance: 0.5
  m_AutoUVMaxAngle: 89
  m_LightmapParameters: {fileID: 0}
  m_SortingLayerID: 0
  m_SortingLayer: 0
  m_SortingOrder: 0
--- !u!1 &1580275786218470264
GameObject:
  m_ObjectHideFlags: 0
  m_CorrespondingSourceObject: {fileID: 0}
  m_PrefabInstance: {fileID: 0}
  m_PrefabAsset: {fileID: 0}
  serializedVersion: 6
  m_Component:
  - component: {fileID: 1578277574391612998}
  - component: {fileID: 1471185671755949752}
  m_Layer: 0
  m_Name: LightInner
  m_TagString: Untagged
  m_Icon: {fileID: 0}
  m_NavMeshLayer: 0
  m_StaticEditorFlags: 0
  m_IsActive: 1
--- !u!4 &1578277574391612998
Transform:
  m_ObjectHideFlags: 0
  m_CorrespondingSourceObject: {fileID: 0}
  m_PrefabInstance: {fileID: 0}
  m_PrefabAsset: {fileID: 0}
  m_GameObject: {fileID: 1580275786218470264}
  m_LocalRotation: {x: -0, y: -0, z: -0, w: 1}
  m_LocalPosition: {x: 0, y: 0, z: 0}
  m_LocalScale: {x: 1, y: 1, z: 1}
  m_Children: []
  m_Father: {fileID: 1583215765109161996}
  m_RootOrder: 0
  m_LocalEulerAnglesHint: {x: -90, y: 0, z: 0}
--- !u!108 &1471185671755949752
Light:
  m_ObjectHideFlags: 0
  m_CorrespondingSourceObject: {fileID: 0}
  m_PrefabInstance: {fileID: 0}
  m_PrefabAsset: {fileID: 0}
  m_GameObject: {fileID: 1580275786218470264}
  m_Enabled: 1
  serializedVersion: 9
  m_Type: 0
  m_Color: {r: 1, g: 1, b: 0.8632076, a: 1}
  m_Intensity: 10.8
  m_Range: 6
  m_SpotAngle: 17.5
  m_InnerSpotAngle: 17.5
  m_CookieSize: 10
  m_Shadows:
    m_Type: 0
    m_Resolution: -1
    m_CustomResolution: -1
    m_Strength: 1
    m_Bias: 0.05
    m_NormalBias: 0.4
    m_NearPlane: 0.2
    m_CullingMatrixOverride:
      e00: 1
      e01: 0
      e02: 0
      e03: 0
      e10: 0
      e11: 1
      e12: 0
      e13: 0
      e20: 0
      e21: 0
      e22: 1
      e23: 0
      e30: 0
      e31: 0
      e32: 0
      e33: 1
    m_UseCullingMatrixOverride: 0
  m_Cookie: {fileID: 0}
  m_DrawHalo: 0
  m_Flare: {fileID: 0}
  m_RenderMode: 1
  m_CullingMask:
    serializedVersion: 2
    m_Bits: 4294967295
  m_RenderingLayerMask: 1
  m_Lightmapping: 4
  m_LightShadowCasterMode: 0
  m_AreaSize: {x: 1, y: 1}
  m_BounceIntensity: 0.5
  m_ColorTemperature: 6570
  m_UseColorTemperature: 0
  m_BoundingSphereOverride: {x: 0, y: 0, z: 0, w: 0}
  m_UseBoundingSphereOverride: 0
  m_ShadowRadius: 0
  m_ShadowAngle: 0
