%YAML 1.1
%TAG !u! tag:unity3d.com,2011:
--- !u!1 &4149570464095649769
GameObject:
  m_ObjectHideFlags: 0
  m_CorrespondingSourceObject: {fileID: 0}
  m_PrefabInstance: {fileID: 0}
  m_PrefabAsset: {fileID: 0}
  serializedVersion: 6
  m_Component:
  - component: {fileID: 4149570464095649693}
  - component: {fileID: 4149570464095649692}
  - component: {fileID: 4149570464095649683}
  - component: {fileID: 4149570464095649682}
  - component: {fileID: 4149570464095649681}
  - component: {fileID: 4149570464095649680}
  - component: {fileID: 4149570464095649687}
  - component: {fileID: 4149570464095649686}
  - component: {fileID: 4149570464095649685}
  - component: {fileID: 4149570464095649684}
  - component: {fileID: 4149570464095649771}
  - component: {fileID: 4149570464095649770}
  - component: {fileID: 5676806289668352076}
  m_Layer: 0
  m_Name: Fence
  m_TagString: Untagged
  m_Icon: {fileID: 0}
  m_NavMeshLayer: 0
  m_StaticEditorFlags: 0
  m_IsActive: 1
--- !u!4 &4149570464095649693
Transform:
  m_ObjectHideFlags: 0
  m_CorrespondingSourceObject: {fileID: 0}
  m_PrefabInstance: {fileID: 0}
  m_PrefabAsset: {fileID: 0}
  m_GameObject: {fileID: 4149570464095649769}
  m_LocalRotation: {x: 0, y: 0, z: 0, w: 1}
  m_LocalPosition: {x: 0.5, y: 25, z: 6}
  m_LocalScale: {x: 8.5, y: 1, z: 1}
  m_Children: []
  m_Father: {fileID: 0}
  m_RootOrder: 0
  m_LocalEulerAnglesHint: {x: 0, y: 0, z: 0}
--- !u!33 &4149570464095649692
MeshFilter:
  m_ObjectHideFlags: 0
  m_CorrespondingSourceObject: {fileID: 0}
  m_PrefabInstance: {fileID: 0}
  m_PrefabAsset: {fileID: 0}
  m_GameObject: {fileID: 4149570464095649769}
  m_Mesh: {fileID: 10202, guid: 0000000000000000e000000000000000, type: 0}
--- !u!23 &4149570464095649683
MeshRenderer:
  m_ObjectHideFlags: 0
  m_CorrespondingSourceObject: {fileID: 0}
  m_PrefabInstance: {fileID: 0}
  m_PrefabAsset: {fileID: 0}
  m_GameObject: {fileID: 4149570464095649769}
  m_Enabled: 0
  m_CastShadows: 1
  m_ReceiveShadows: 1
  m_DynamicOccludee: 1
  m_MotionVectors: 1
  m_LightProbeUsage: 1
  m_ReflectionProbeUsage: 1
  m_RenderingLayerMask: 1
  m_RendererPriority: 0
  m_Materials:
  - {fileID: 10303, guid: 0000000000000000f000000000000000, type: 0}
  m_StaticBatchInfo:
    firstSubMesh: 0
    subMeshCount: 0
  m_StaticBatchRoot: {fileID: 0}
  m_ProbeAnchor: {fileID: 0}
  m_LightProbeVolumeOverride: {fileID: 0}
  m_ScaleInLightmap: 1
  m_ReceiveGI: 1
  m_PreserveUVs: 0
  m_IgnoreNormalsForChartDetection: 0
  m_ImportantGI: 0
  m_StitchLightmapSeams: 1
  m_SelectedEditorRenderState: 3
  m_MinimumChartSize: 4
  m_AutoUVMaxDistance: 0.5
  m_AutoUVMaxAngle: 89
  m_LightmapParameters: {fileID: 0}
  m_SortingLayerID: 0
  m_SortingLayer: 0
  m_SortingOrder: 0
--- !u!65 &4149570464095649682
BoxCollider:
  m_ObjectHideFlags: 0
  m_CorrespondingSourceObject: {fileID: 0}
  m_PrefabInstance: {fileID: 0}
  m_PrefabAsset: {fileID: 0}
  m_GameObject: {fileID: 4149570464095649769}
  m_Material: {fileID: 0}
  m_IsTrigger: 0
  m_Enabled: 1
  serializedVersion: 2
  m_Size: {x: 1, y: 1, z: 1}
  m_Center: {x: 0, y: 0, z: 0}
--- !u!114 &4149570464095649681
MonoBehaviour:
  m_ObjectHideFlags: 0
  m_CorrespondingSourceObject: {fileID: 0}
  m_PrefabInstance: {fileID: 0}
  m_PrefabAsset: {fileID: 0}
  m_GameObject: {fileID: 4149570464095649769}
  m_Enabled: 1
  m_EditorHideFlags: 0
  m_Script: {fileID: 1528663654, guid: 20990ec6b45e544b0b5f28b1e0c1c96b, type: 3}
  m_Name: 
  m_EditorClassIdentifier: 
  _initialized: 1
  _reset: 0
  _version: 1.2.5
  _moved: 0
  _blocks:
  - {fileID: 4149570464095649680}
  editor: {fileID: 0}
  _showSettings: 0
  _displayMode: 0
  _windowTitle: GameFlow
  _windowMinSize: {x: 240, y: 64}
  _windowMaxSize: {x: 600, y: 400}
--- !u!114 &4149570464095649680
MonoBehaviour:
  m_ObjectHideFlags: 3
  m_CorrespondingSourceObject: {fileID: 0}
  m_PrefabInstance: {fileID: 0}
  m_PrefabAsset: {fileID: 0}
  m_GameObject: {fileID: 4149570464095649769}
  m_Enabled: 0
  m_EditorHideFlags: 0
  m_Script: {fileID: 392807261, guid: 20990ec6b45e544b0b5f28b1e0c1c96b, type: 3}
  m_Name: 
  m_EditorClassIdentifier: 
  _initialized: 1
  _reset: 0
  _version: 1.2.5
  _moved: 0
  _foldout: 1
  _drawSeparator: 0
  enabledInEditor: 1
  container: {fileID: 4149570464095649681}
  editor: {fileID: 0}
  _id: On Collision Enter
  _actions:
  - {fileID: 4149570464095649771}
  - {fileID: 4149570464095649770}
  _parameters:
  - {fileID: 4149570464095649687}
  - {fileID: 4149570464095649686}
  - {fileID: 4149570464095649685}
  - {fileID: 4149570464095649684}
  _showParameters: 0
  _showSettings: 1
  _actionsFoldout: 1
  _ignorePause: 0
  _listeningRange: 0
  _listeningTarget: {fileID: 2252128263104447224, guid: 09ae447cc8ce9884cb50ff84d44dc3bb,
    type: 3}
  _listeningList: {fileID: 0}
--- !u!114 &4149570464095649687
MonoBehaviour:
  m_ObjectHideFlags: 3
  m_CorrespondingSourceObject: {fileID: 0}
  m_PrefabInstance: {fileID: 0}
  m_PrefabAsset: {fileID: 0}
  m_GameObject: {fileID: 4149570464095649769}
  m_Enabled: 0
  m_EditorHideFlags: 0
  m_Script: {fileID: 280294710, guid: 20990ec6b45e544b0b5f28b1e0c1c96b, type: 3}
  m_Name: 
  m_EditorClassIdentifier: 
  _initialized: 1
  _reset: 0
  _version: 1.2.5
  _moved: 0
  _foldout: 0
  _drawSeparator: 0
  enabledInEditor: 1
  container: {fileID: 4149570464095649680}
  editor: {fileID: 0}
  _id: Source
  _dataType: 8
  _typeName: UnityEngine.GameObject
  _indirectDataType: 0
  _indirectTypeName: 
  _defaultStringValue: 
  _defaultIntValue: 0
  _defaultFloatValue: 0
  _defaultBoolValue: 0
  _defaultVector2Value: {x: 0, y: 0}
  _defaultVector3Value: {x: 0, y: 0, z: 0}
  _defaultVector4Value: {x: 0, y: 0, z: 0, w: 0}
  _defaultRectValue:
    serializedVersion: 2
    x: 0
    y: 0
    width: 0
    height: 0
  _defaultColorValue: {r: 0, g: 0, b: 0, a: 0}
  _defaultEnumIntValue: 0
  _defaultBoundsValue:
    m_Center: {x: 0, y: 0, z: 0}
    m_Extent: {x: 0, y: 0, z: 0}
  _defaultQuaternionValue: {x: 0, y: 0, z: 0, w: 0}
  _stringValue: 
  _intValue: 0
  _floatValue: 0
  _boolValue: 1
  _vector2Value: {x: 0, y: 0}
  _vector3Value: {x: 0, y: 0, z: 0}
  _rectValue:
    serializedVersion: 2
    x: 0
    y: 0
    width: 0
    height: 0
  _colorValue: {r: 0, g: 0, b: 0, a: 1}
  _objectValue: {fileID: 0}
  _enumIntValue: 0
  _enumCached: 0
  _boundsValue:
    m_Center: {x: 0, y: 0, z: 0}
    m_Extent: {x: 0, y: 0, z: 0}
  _quaternionValue: {x: 0, y: 0, z: 0, w: 1}
  _vector4Value: {x: 0, y: 0, z: 0, w: 0}
  _animationCurveValue:
    serializedVersion: 2
    m_Curve: []
    m_PreInfinity: 2
    m_PostInfinity: 2
    m_RotationOrder: 4
  _readOnly: 1
  _private: 1
  _persistent: 0
  _indirect: 0
  _isVariant: 0
  _showDescription: 1
  _description: The GameObject which was collided and originated the event.
  _changeListeners: []
  _hidden: 0
  _display: 1
  _label: Parameter
--- !u!114 &4149570464095649686
MonoBehaviour:
  m_ObjectHideFlags: 3
  m_CorrespondingSourceObject: {fileID: 0}
  m_PrefabInstance: {fileID: 0}
  m_PrefabAsset: {fileID: 0}
  m_GameObject: {fileID: 4149570464095649769}
  m_Enabled: 0
  m_EditorHideFlags: 0
  m_Script: {fileID: 280294710, guid: 20990ec6b45e544b0b5f28b1e0c1c96b, type: 3}
  m_Name: 
  m_EditorClassIdentifier: 
  _initialized: 1
  _reset: 0
  _version: 1.2.5
  _moved: 0
  _foldout: 0
  _drawSeparator: 0
  enabledInEditor: 1
  container: {fileID: 4149570464095649680}
  editor: {fileID: 0}
  _id: Other
  _dataType: 8
  _typeName: UnityEngine.GameObject
  _indirectDataType: 0
  _indirectTypeName: 
  _defaultStringValue: 
  _defaultIntValue: 0
  _defaultFloatValue: 0
  _defaultBoolValue: 0
  _defaultVector2Value: {x: 0, y: 0}
  _defaultVector3Value: {x: 0, y: 0, z: 0}
  _defaultVector4Value: {x: 0, y: 0, z: 0, w: 0}
  _defaultRectValue:
    serializedVersion: 2
    x: 0
    y: 0
    width: 0
    height: 0
  _defaultColorValue: {r: 0, g: 0, b: 0, a: 0}
  _defaultEnumIntValue: 0
  _defaultBoundsValue:
    m_Center: {x: 0, y: 0, z: 0}
    m_Extent: {x: 0, y: 0, z: 0}
  _defaultQuaternionValue: {x: 0, y: 0, z: 0, w: 0}
  _stringValue: 
  _intValue: 0
  _floatValue: 0
  _boolValue: 1
  _vector2Value: {x: 0, y: 0}
  _vector3Value: {x: 0, y: 0, z: 0}
  _rectValue:
    serializedVersion: 2
    x: 0
    y: 0
    width: 0
    height: 0
  _colorValue: {r: 0, g: 0, b: 0, a: 1}
  _objectValue: {fileID: 0}
  _enumIntValue: 0
  _enumCached: 0
  _boundsValue:
    m_Center: {x: 0, y: 0, z: 0}
    m_Extent: {x: 0, y: 0, z: 0}
  _quaternionValue: {x: 0, y: 0, z: 0, w: 1}
  _vector4Value: {x: 0, y: 0, z: 0, w: 0}
  _animationCurveValue:
    serializedVersion: 2
    m_Curve: []
    m_PreInfinity: 2
    m_PostInfinity: 2
    m_RotationOrder: 4
  _readOnly: 1
  _private: 1
  _persistent: 0
  _indirect: 0
  _isVariant: 0
  _showDescription: 1
  _description: The GameObject that collided with <Source>.
  _changeListeners: []
  _hidden: 0
  _display: 1
  _label: Parameter
--- !u!114 &4149570464095649685
MonoBehaviour:
  m_ObjectHideFlags: 3
  m_CorrespondingSourceObject: {fileID: 0}
  m_PrefabInstance: {fileID: 0}
  m_PrefabAsset: {fileID: 0}
  m_GameObject: {fileID: 4149570464095649769}
  m_Enabled: 0
  m_EditorHideFlags: 0
  m_Script: {fileID: 280294710, guid: 20990ec6b45e544b0b5f28b1e0c1c96b, type: 3}
  m_Name: 
  m_EditorClassIdentifier: 
  _initialized: 1
  _reset: 0
  _version: 1.2.5
  _moved: 0
  _foldout: 0
  _drawSeparator: 0
  enabledInEditor: 1
  container: {fileID: 4149570464095649680}
  editor: {fileID: 0}
  _id: Contact Point
  _dataType: 5
  _typeName: 
  _indirectDataType: 0
  _indirectTypeName: 
  _defaultStringValue: 
  _defaultIntValue: 0
  _defaultFloatValue: 0
  _defaultBoolValue: 0
  _defaultVector2Value: {x: 0, y: 0}
  _defaultVector3Value: {x: 0, y: 0, z: 0}
  _defaultVector4Value: {x: 0, y: 0, z: 0, w: 0}
  _defaultRectValue:
    serializedVersion: 2
    x: 0
    y: 0
    width: 0
    height: 0
  _defaultColorValue: {r: 0, g: 0, b: 0, a: 0}
  _defaultEnumIntValue: 0
  _defaultBoundsValue:
    m_Center: {x: 0, y: 0, z: 0}
    m_Extent: {x: 0, y: 0, z: 0}
  _defaultQuaternionValue: {x: 0, y: 0, z: 0, w: 0}
  _stringValue: 
  _intValue: 0
  _floatValue: 0
  _boolValue: 1
  _vector2Value: {x: 0, y: 0}
  _vector3Value: {x: 0, y: 0, z: 0}
  _rectValue:
    serializedVersion: 2
    x: 0
    y: 0
    width: 0
    height: 0
  _colorValue: {r: 0, g: 0, b: 0, a: 1}
  _objectValue: {fileID: 0}
  _enumIntValue: 0
  _enumCached: 0
  _boundsValue:
    m_Center: {x: 0, y: 0, z: 0}
    m_Extent: {x: 0, y: 0, z: 0}
  _quaternionValue: {x: 0, y: 0, z: 0, w: 1}
  _vector4Value: {x: 0, y: 0, z: 0, w: 0}
  _animationCurveValue:
    serializedVersion: 2
    m_Curve: []
    m_PreInfinity: 2
    m_PostInfinity: 2
    m_RotationOrder: 4
  _readOnly: 1
  _private: 1
  _persistent: 0
  _indirect: 0
  _isVariant: 0
  _showDescription: 1
  _description: The 3D world coordinates of the collision contact point.
  _changeListeners: []
  _hidden: 0
  _display: 1
  _label: Parameter
--- !u!114 &4149570464095649684
MonoBehaviour:
  m_ObjectHideFlags: 3
  m_CorrespondingSourceObject: {fileID: 0}
  m_PrefabInstance: {fileID: 0}
  m_PrefabAsset: {fileID: 0}
  m_GameObject: {fileID: 4149570464095649769}
  m_Enabled: 0
  m_EditorHideFlags: 0
  m_Script: {fileID: 280294710, guid: 20990ec6b45e544b0b5f28b1e0c1c96b, type: 3}
  m_Name: 
  m_EditorClassIdentifier: 
  _initialized: 1
  _reset: 0
  _version: 1.2.5
  _moved: 0
  _foldout: 0
  _drawSeparator: 0
  enabledInEditor: 1
  container: {fileID: 4149570464095649680}
  editor: {fileID: 0}
  _id: Relative Velocity
  _dataType: 5
  _typeName: 
  _indirectDataType: 0
  _indirectTypeName: 
  _defaultStringValue: 
  _defaultIntValue: 0
  _defaultFloatValue: 0
  _defaultBoolValue: 0
  _defaultVector2Value: {x: 0, y: 0}
  _defaultVector3Value: {x: 0, y: 0, z: 0}
  _defaultVector4Value: {x: 0, y: 0, z: 0, w: 0}
  _defaultRectValue:
    serializedVersion: 2
    x: 0
    y: 0
    width: 0
    height: 0
  _defaultColorValue: {r: 0, g: 0, b: 0, a: 0}
  _defaultEnumIntValue: 0
  _defaultBoundsValue:
    m_Center: {x: 0, y: 0, z: 0}
    m_Extent: {x: 0, y: 0, z: 0}
  _defaultQuaternionValue: {x: 0, y: 0, z: 0, w: 0}
  _stringValue: 
  _intValue: 0
  _floatValue: 0
  _boolValue: 1
  _vector2Value: {x: 0, y: 0}
  _vector3Value: {x: 0, y: 0, z: 0}
  _rectValue:
    serializedVersion: 2
    x: 0
    y: 0
    width: 0
    height: 0
  _colorValue: {r: 0, g: 0, b: 0, a: 1}
  _objectValue: {fileID: 0}
  _enumIntValue: 0
  _enumCached: 0
  _boundsValue:
    m_Center: {x: 0, y: 0, z: 0}
    m_Extent: {x: 0, y: 0, z: 0}
  _quaternionValue: {x: 0, y: 0, z: 0, w: 1}
  _vector4Value: {x: 0, y: 0, z: 0, w: 0}
  _animationCurveValue:
    serializedVersion: 2
    m_Curve: []
    m_PreInfinity: 2
    m_PostInfinity: 2
    m_RotationOrder: 4
  _readOnly: 1
  _private: 1
  _persistent: 0
  _indirect: 0
  _isVariant: 0
  _showDescription: 1
  _description: The relative linear velocity of the two colliding objects.
  _changeListeners: []
  _hidden: 0
  _display: 1
  _label: Parameter
--- !u!114 &4149570464095649771
MonoBehaviour:
  m_ObjectHideFlags: 3
  m_CorrespondingSourceObject: {fileID: 0}
  m_PrefabInstance: {fileID: 0}
  m_PrefabAsset: {fileID: 0}
  m_GameObject: {fileID: 4149570464095649769}
  m_Enabled: 0
  m_EditorHideFlags: 0
  m_Script: {fileID: -1503448218, guid: 20990ec6b45e544b0b5f28b1e0c1c96b, type: 3}
  m_Name: 
  m_EditorClassIdentifier: 
  _initialized: 1
  _reset: 0
  _version: 1.2.5
  _moved: 0
  _foldout: 1
  _drawSeparator: 0
  enabledInEditor: 1
  container: {fileID: 4149570464095649680}
  editor: {fileID: 0}
  _caption: Sleep
  _breakpoint: 0
  _target: {fileID: 0}
  _targetObject: {fileID: 2252128263104447224, guid: 09ae447cc8ce9884cb50ff84d44dc3bb,
    type: 3}
  _targetVar: {fileID: 0}
--- !u!114 &4149570464095649770
MonoBehaviour:
  m_ObjectHideFlags: 3
  m_CorrespondingSourceObject: {fileID: 0}
  m_PrefabInstance: {fileID: 0}
  m_PrefabAsset: {fileID: 0}
  m_GameObject: {fileID: 4149570464095649769}
  m_Enabled: 0
  m_EditorHideFlags: 0
  m_Script: {fileID: 920257448, guid: 20990ec6b45e544b0b5f28b1e0c1c96b, type: 3}
  m_Name: 
  m_EditorClassIdentifier: 
  _initialized: 1
  _reset: 0
  _version: 1.2.5
  _moved: 0
  _foldout: 1
  _drawSeparator: 0
  enabledInEditor: 1
  container: {fileID: 4149570464095649680}
  editor: {fileID: 0}
  _caption: Execute Program
  _breakpoint: 0
  _program: {fileID: 0}
  _programVar: {fileID: 0}
  _wait: 1
  _waitVar: {fileID: 0}
  _ignorePause: 0
  _ignorePauseVar: {fileID: 0}
--- !u!114 &5676806289668352076
MonoBehaviour:
  m_ObjectHideFlags: 3
  m_CorrespondingSourceObject: {fileID: 0}
  m_PrefabInstance: {fileID: 0}
  m_PrefabAsset: {fileID: 0}
  m_GameObject: {fileID: 4149570464095649769}
  m_Enabled: 1
  m_EditorHideFlags: 0
  m_Script: {fileID: -1183951156, guid: 20990ec6b45e544b0b5f28b1e0c1c96b, type: 3}
  m_Name: 
  m_EditorClassIdentifier: 
  _initialized: 0
  _reset: 0
  _version: 1.2.5
  _moved: 0
  _collisionEnterEnabled: 1
  _collisionExitEnabled: 1
  _collisionStayEnabled: 1
